2859 4325
508 605 957 680 P‘RAEFATIO.
1096 607 1131 706 iij

324 753 553 837 pographiam,
575 749 729 812 novissime
749 753 897 812 inventam
915 796 925 825 ,
946 771 982 825 ex
1006 750 1134 813 Germa*

327 837 376 894 nia
396 835 531 895 Romam
550 835 707 893 attuleruut
730 832 846 914 Ipsam,
864 852 894 892 ut
911 846 991 913 patet
1006 852 1041 892 ex
1060 834 1133 914 Epi·

327 913 400 974 stoli
432 915 634 984 dedicatorii,
658 916 688 971 in
716 913 837 973 modum
870 912 1070 983 Prasationis,
1095 914 1132 972 ad

328 996 449 1055 Paulum
459 996 498 1056 Π.
509 995 593 1055 Porta
605 995 685 1055 Max.
695 997 806 1053 curavit
814 993 954 1055 Joauucs
964 992 1133 1064 Arauris,

332 1075 520 1136 Bibliothecae
532 1075 683 1136 Vaticanae
698 1073 871 1147 Praeseclus,
891 1072 954 1155 post
971 1073 1131 1154 Episcopus

329 1156 512 1228 Aleriensrs,
534 1161 564 1214 in
586 1154 714 1217 Corsica.
742 1155 897 1234 Completa
926 1152 966 1213 est
994 1156 1131 1214 omnibus

329 1237 446 1319 Virgilii
458 1237 593 1317 operibus
606 1280 615 1308 ,
633 1237 733 1317 quibus
746 1234 928 1310 subiiciuntur
940 1235 994 1294 alia
1008 1239 1133 1317 poima·

328 1319 368 1375 tia
385 1339 449 1399 quae
467 1315 520 1397 ipsi
539 1318 628 1398 vulgi>
641 1361 651 1386 ,
666 1334 775 1375 temere
791 1317 877 1388 licet,
893 1316 1071 1386 tribuuntur,
1087 1318 1130 1373 in-

329 1414 374 1458 ter
395 1420 458 1478 quae
479 1396 566 1478 Lofits
581 1399 725 1458 Poetarum
742 1399 770 1456 in
792 1397 923 1477 Priapum
944 1395 1021 1456 :sed
1041 1398 1130 1454 innu-

328 1481 418 1538 meris
444 1479 556 1539 mendis
586 1477 744 1552 abundat3
773 1475 962 1558 plurimasque
991 1476 1129 1537 lestionec

329 1561 460 1619 continet
473 1604 483 1633 ‚
499 1559 631 1641 vulgares
643 1561 705 1621 &a
721 1559 839 1618 rationis
852 1557 929 1617 sensu
947 1556 1052 1616 alienas
1064 1580 1073 1630 3
1093 1578 1129 1617 ac

328 1639 446 1721 ipsam,
508 1663 555 1700 am
576 1642 605 1698 in
628 1639 778 1700 confilium
801 1660 861 1699 non
882 1637 1032 1710 adhibuit,
1053 1639 1128 1698 bene

325 1718 468 1799 judicavit
517 1768 524 1781 .
543 1722 674 1793 HEYNR
694 1723 765 1801 qui,
783 1722 947 1780 adpotum
965 1718 1051 1800 ipsum
1066 1722 1127 1778 iude

326 1825 452 1882 maignum
471 1801 584 1880 stallum
604 1804 678 1860 haud
696 1803 850 1882 exsptslat;
875 1801 975 1880 cuique
997 1821 1050 1859 non
1072 1802 1127 1858 ad·

325 1885 436 1942 modim
470 1884 545 1940 bonis
583 1884 718 1942 codicibus
751 1884 851 1941 Editor
874 1879 956 1962 fitiffe
989 1883 1125 1964 instruant

326 1963 455 2023 videtur.

370 2107 491 2181 utera,
510 2106 558 2182 u,
579 2129 641 2190 «με
663 2106 775 2168 viram
798 2106 839 2168 o.
862 2106 973 2169 uam
992 2058 1123 2184 ramus,

322 2190 419 2250 multo
441 2188 482 2250 est
503 2188 701 2271 praestantior,
724 2191 902 2261 accuratior,
923 2190 1122 2251 &codicibus

323 2273 537 2354 congruentior.
557 2270 624 2331 Sine
645 2271 708 2329 ullis
727 2271 940 2351 prolegomenis
959 2291 1051 2352 neque
1069 2272 1123 2330 ad·

323 2353 412 2423 diris,
433 2353 503 2410 nihil
524 2355 650 2411 continet
667 2372 768 2432 practer
784 2353 937 2429 Bucolica‘
965 2354 1122 2433 Georgica,

323 2436 355 2493 &
370 2436 516 2504 AErreida;
535 2432 643 2513 ipsrque
664 2434 797 2512 prioritas
809 2431 926 2488 debetur
941 2435 1050 2491 ratione
1069 2455 1120 2492 ac·

321 2512 544 2583 curationis‚si
570 2535 630 2571 uon
653 2511 712 2590 iam
740 2512 849 2569 obtinet
877 2512 987 2571 ratione
1009 2515 1117 2572 aetaris:

321 2591 461 2674 Impresla
483 2591 522 2651 est
544 2592 646 2674 absque
666 2593 723 2650 ulli
742 2592 915 2650 indicatione
937 2608 983 2651 aut
1002 2610 1119 2671 tempo-

321 2675 382 2747 ris,
403 2692 450 2733 aut
467 2674 546 2746 loci,
566 2692 612 2733 aut
627 2672 761 2746 artificis,
777 2673 852 2732 uude
870 2674 976 2753 prodiit
992 2695 999 2731 ε
1017 2692 1046 2733 at
1062 2675 1118 2735 Vir

321 2754 370 2815 Cl.
389 2754 430 2815 D.
450 2754 687 2825 DESAULNAYS,
711 2754 913 2835 impressorum
931 2753 1117 2814 bibliothecae

321 2835 421 2918 Regiae
435 2834 562 2907 Custos,
579 2838 628 2915 qui
647 2836 730 2894 nohis
750 2838 880 2894 omnium
899 2856 962 2913 quae
980 2856 1067 2917 penes
1088 2836 1118 2895 se

319 2914 383 2975 sunt
400 2916 567 2975 facultatum
586 2915 753 2975 amicissimi
774 2918 889 2996 copiam
906 2916 973 2974 secit
986 2961 995 2988 ,
1007 2918 1035 2975 in
1053 2918 1117 2997 ipsit

319 2996 500 3079 recognoscit
519 2999 661 3055 Mentelini
678 2998 726 3055 vel
746 2998 919 3067 Memellirii,
942 3015 989 3056 aut
1007 3001 1117 3057 Mente-

318 3079 351 3137 lii
367 3076 615 3159 Argentoratensrs
634 3077 815 3136 characteres.
833 3077 944 3149 Porro,
963 3077 1011 3136 iste
1028 3083 1115 3137 Men-

318 3160 398 3216 telius
417 3157 468 3219 suit
489 3180 604 3217 coaevus
621 3160 703 3220 Joan.
726 3161 887 3238 Guttenberg
903 3160 934 3219 ὃ(
952 3159 1032 3219 Joan.
1050 3162 1112 3237 Fust

318 3238 367 3297 vel
386 3242 490 3319 Fauji,
514 3260 585 3317 quos
606 3257 696 3298 artem
713 3239 955 3320 typographicam
975 3238 1111 3298 invenisse

318 3318 430 3378 couslat
442 3342 448 3377 :
462 3319 536 3376 unde
551 3318 608 3399 ipsa
625 3320 711 3378 editio
733 3320 862 3377 habenda
881 3320 992 3377 videtur
1004 3337 1032 3378 ut
1049 3323 1112 3378 Vir-

314 3401 379 3484 gilii
400 3401 497 3461 Editio
516 3402 671 3481 primaria;
693 3403 725 3463 bt
746 3403 806 3461 haec
828 3403 928 3460 notitia
948 3401 1110 3481 Typogra·

929 3525 946 3562 a
967 3523 984 3582 ¹l
