2859 4325
323 602 378 675 xiv
576 603 870 675 Vinortrr

322 723 401 777 omni
415 719 477 775 curl
492 723 622 795 omnique
636 724 722 779 studio
738 725 843 780 indulsit
854 724 1000 779 Medicinae
1018 727 1044 780 δι
1057 727 1113 782 Ma·

323 798 484 852 thentaticae.

362 872 466 939 Quibus
477 872 553 924 rebus
570 871 706 925 clamante
723 871 791 926 alios
807 873 939 926 eruditior
950 872 1115 943 peritiotque

323 944 408 1010 effer,
425 947 452 998 se
464 945 492 997 in
502 947 602 1000 Urbem
614 947 729 998 eontulit
737 981 747 1007 ,
761 946 916 1016 statimque,
936 947 1054 1018 magistri
1069 949 1115 1002 sta·

323 1020 380 1072 buli
397 1036 528 1090 equorum
543 1020 651 1088 Augusti
663 1019 809 1074 amicitiam
823 1020 933 1084 nadlus,
951 1026 1053 1075 multos
1070 1039 1117 1076 va·

322 1095 431 1162 riosque
449 1094 560 1145 morbos
578 1093 726 1146 incidentes
745 1095 821 1164 equis
840 1095 954 1148 curavit.
970 1094 1006 1148 dt
1024 1097 1117 1150 illein

325 1169 475 1220 mercedem
488 1167 598 1236 lingulis
612 1168 704 1220 diebus
720 1184 802 1237 panes
819 1169 956 1239 Virgilio,
973 1185 1004 1222 ut
1018 1167 1065 1223 uni
1081 1186 1117 1223 ex

323 1241 493 1300 stabulariis,
513 1241 569 1293 dari
589 1239 663 1308 iussit.
682 1241 786 1294 interea
806 1258 821 1294 a
841 1241 1009 1296 crotoniatis
1028 1245 1115 1313 pullus

321 1315 408 1385 equi,
424 1315 497 1367 mirae
509 1314 711 1383 pulchritudinis
724 1352 733 1380 ,
745 1314 843 1368 Caesari
853 1317 926 1368 dono
941 1316 993 1369 fuit
1007 1314 1115 1370 millust

323 1390 373 1458 qui
386 1389 509 1442 omnium
523 1387 624 1452 iudicio
635 1388 709 1457 spem
721 1390 895 1457 portendebat
906 1389 1020 1443 virtutis
1036 1391 1063 1444 dt
1073 1406 1116 1444 ee·

323 1463 437 1516 leuitatis
456 1462 600 1516 immense.
619 1465 697 1515 Hunc
715 1462 775 1517 edm
791 1461 1043 1532 aspexiffetMaro,
1059 1479 1115 1517 ma·

324 1536 407 1606 gistro
419 1535 512 1589 stabuli
527 1535 613 1599 dixit,
629 1552 721 1589 natum
733 1535 785 1589 elle
797 1553 831 1589 ex
847 1536 973 1591 morbosa
987 1535 1076 1607 equi,
1090 1537 1123 1590 lt·

323 1627 375 1663 nee
394 1610 498 1663 viribus
516 1611 661 1663 valiturum
679 1626 728 1663 nec
746 1609 881 1663 celeritate
898 1628 905 1662 :
925 1609 1003 1678 idque
1021 1626 1115 1665 verum

324 1683 402 1738 tuisse
419 1685 561 1737 inventum
577 1683 623 1736 eli,
643 1685 725 1751 Quod
738 1683 800 1736 cium
817 1682 938 1754 magistet
952 1683 1047 1737 stabuli
1063 1685 1115 1738 Att-

326 1758 403 1828 gusto
423 1757 574 1819 tecitaffer,
594 1757 724 1825 duplicari
746 1757 795 1824 lpsl
818 1757 846 1810 in
867 1759 1015 1810 mercedem
1035 1772 1116 1826 panes

324 1829 407 1898 juffir.
428 1831 496 1885 Cirtn
517 1831 581 1883 item
602 1847 638 1882 ex
657 1830 786 1900 Hispanid
807 1830 924 1900 Augusto
943 1847 1023 1883 canes
1044 1832 1116 1884 dono

324 1905 517 1960 mitterentur.
535 1905 560 1957 bt
579 1921 702 1972 parentes
721 1921 815 1958 eorum
833 1904 902 1956 dixit
918 1903 1071 1973 Virgilius,
1092 1905 1118 1958 bt

326 1979 472 2041 animum,
499 1978 717 2048 celeritatemque
741 1979 866 2030 futuram.
892 1979 957 2045 Quo
980 1976 1118 2049 cognito,

326 2055 433 2106 mandat
449 2051 546 2104 iterum
560 2051 677 2120 Virgilio
692 2068 774 2120 panes
789 2051 927 2118 duplicari.
1074 2058 1078 2065 '

364 2125 509 2179 Dubitavit
524 2125 671 2195 Augustus,
687 2124 832 2179 ottaviine
848 2123 919 2179 filins
936 2122 1020 2187 effer,
1036 2142 1071 2179 an
1084 2125 1119 2179 al·

327 2199 410 2254 terius
425 2200 529 2267 :idque
546 2200 686 2251 Maronem
702 2199 806 2269 aperire
823 2198 896 2269 posse
911 2198 1052 2253 arbitratus
1066 2199 1118 2263 est,

328 2274 391 2344 quia
408 2289 503 2325 canum
522 2274 547 2325 &
566 2274 628 2341 equi
646 2288 767 2326 naturam
786 2273 959 2342 parentesque
978 2273 1121 2341 cogndran

328 2348 436 2401 Amotis
451 2346 532 2416 igitur
543 2346 669 2398 omnibus
681 2347 804 2411 arbitris,
823 2348 898 2399 illum
914 2347 942 2399 in
957 2348 1120 2413 peritiorem

328 2437 431 2490 partem
448 2423 542 2474 domita
555 2436 657 2485 vocat,
673 2420 698 2472 bt
711 2422 797 2473 solum
816 2437 910 2489 rogat,
924 2436 956 2471 an
969 2420 1033 2477 stiat
1051 2419 1122 2488 quis·

329 2513 392 2549 narn
406 2496 489 2557 esset,
506 2497 626 2561 &quam
645 2496 676 2546 ad
691 2496 858 2545 felicitandus
876 2495 999 2545 homines
1014 2493 1125 2545 faculta-

330 2585 387 2621 tem
403 2572 521 2622 haberet.
539 2568 608 2619 Nori
620 2607 627 2630 ,
641 2568 727 2636 inquit
739 2569 817 2619 Maro
831 2608 837 2627 ,
854 2583 895 2630 re,
916 2566 991 2634 Cesar
1001 2567 1122 2636 Auguris,

331 2643 356 2692 dr
364 2641 438 2707 fenne
452 2659 539 2707 equum
553 2660 604 2690 curn
615 2643 676 2690 ms
687 2640 860 2690 immortalibus
874 2641 1012 2708 potestatem
1025 2641 1122 2703 babere,

331 2729 359 2766 ut
372 2750 379 2775 ,
394 2719 516 2784 quemvis,
528 2715 626 2779 felicem
638 2715 731 2781 fricius.
750 2715 787 2765 llo
806 2718 884 2763 animo
895 2713 968 2780 snm,
987 2712 1123 2782 respondit

330 2787 441 2849 cesar,
458 2804 503 2847 ut,
517 2787 629 2853 finerum
645 2807 688 2856 pro
701 2805 785 2859 rogatu
798 2782 903 2845 dixeris,
921 2787 1015 2837 beatum
1032 2803 1055 2839 te
1066 2785 1123 2852 fili·

331 2877 424 2931 umque
437 2865 539 2930 reddam.
555 2861 670 2921 Utinam,
686 2866 721 2914 ait
735 2863 830 2919 Maro,
843 2864 1001 2930 interroganti
1015 2862 1060 2911 tibi
1073 2877 1124 2911 rere

331 2938 411 2987 dicere
431 2955 514 3004 queant
529 2938 537 2985 l
552 2939 627 2987 Tunc
648 2936 777 3004 Augustus
792 2956 796 2987 :
812 2934 903 2983 Putant
924 2937 970 2983 elii
986 2951 1023 2984 rne
1044 2951 1125 2985 narrent

334 3008 438 3063 Oderit>
453 3028 462 3061 .·
476 3013 569 3077 quidam
576 3010 727 3078 fitfpicantrrr
740 3010 791 3059 alio
802 3027 836 3057 nte
850 3012 953 3076 genitum
971 3011 1033 3061 viro.
1046 3010 1124 3060 Maro

332 3082 492 3146 firbridens,
512 3083 615 3141 Facili,
638 3085 745 3150 inquit,
761 3083 786 3147 fi
805 3080 896 3149 imperti
917 3082 1057 3148 licenterque
1079 3079 1127 3149 qne'

327 3153 412 3235 fieriu
424 3160 489 3225 loqur·
500 3155 586 3220 jubes,
603 3158 630 3205 id
644 3160 732 3205 dicam.
749 3156 865 3206 Affirmar
878 3154 963 3206 Cesar
980 3153 1128 3217 iureiuran-

336 3239 393 3293 do,
414 3236 515 3284 nullum
533 3231 591 3292 ejus
610 3230 708 3282 dilium
727 3228 797 3298 aegre
815 3232 949 3285 laturum,
969 3228 1057 3280 immo
1074 3243 1128 3281 non

336 3309 388 3363 nili
404 3308 531 3358 donatum
544 3306 575 3355 ab
591 3321 625 3355 eo
637 3302 812 3355 diiceffurumt
829 3304 867 3352 nd
883 3304 939 3353 baec
951 3305 1050 3354 oculos
1064 3317 1129 3354 ocu·

337 3383 375 3437 lie
397 3377 503 3445 Augusti
526 3376 639 3448 infigens
661 3377 757 3432 Maro.
778 3374 905 3435 Facilirls,
927 3376 984 3438 ait,
1003 3379 1029 3424 in
1049 3378 1129 3425 ceteris

341 3452 486 3508 niumm
502 3451 629 3521 qualitates
642 3464 765 3521 petentum
781 3468 798 3501 e
811 3450 992 3502 Mathematicis
1011 3447 1126 3502 eltin-
