2859 4325
383 646 435 726 68
556 631 998 720 Gannascum⁴

392 805 451 856 Nec
466 799 604 854 Pelufi'acae
619 811 709 849 curam
726 795 895 863 aspernabere
913 790 1016 847 lentist

393 898 472 950 Haud
488 895 598 956 obscura
614 892 709 945 cadens
725 889 815 942 mittet
831 888 881 941 tibi
896 888 969 959 signa
984 889 1105 951 Bootes}

341 991 491 1063 23olncipe
502 1023 512 1049 ,
523 991 550 1042 δι
561 989 593 1041 ad
601 987 702 1041 medias
713 984 859 1038 sementem
870 986 986 1038 extende
997 984 1117 1053 pruinas.

430 1084 532 1140 ldcircb
548 1084 628 1138 settis
645 1082 793 1136 dimensum
810 1081 928 1150 partibus
946 1083 1043 1136 orbern

393 1184 445 1238 Per
461 1183 582 1236 duodena
598 1181 666 1251 regit
682 1178 774 1232 mundi
791 1172 840 1233 Sol
854 1189 949 1232 aureus
965 1179 1051 1234 astra)
1130 1175 1133 1179 ’

394 1281 523 1350 Quinque
534 1279 732 1334 tenenteoelnm
742 1286 817 1330 zone
824 1293 832 1330 t
840 1286 951 1345 quatum
960 1285 1015 1329 una
1023 1276 1133 1331 cntuscn

397 1377 507 1445 Semper
518 1379 582 1430 Sole
593 1378 708 1439 rubens,
723 1376 750 1427 δι
766 1372 866 1427 torrida
876 1375 982 1443 semper
995 1376 1027 1426 ab
1038 1373 1095 1445 igni
1106 1391 1115 1434 l

343 1488 376 1544 ας
384 1491 394 1537 5
403 1475 493 1540 Quam
503 1467 603 1527 circum
611 1486 739 1537 extremae
751 1470 843 1524 dextri
853 1471 969 1540 levaque
979 1471 1117 1523 trabuntur

398 1568 526 1623 Coentleb
540 1567 623 1639 glacie
638 1581 769 1620 concrerae
787 1581 866 1637 atque
881 1559 1010 1620 imbribus
1025 1566 1100 1622 atris.

350 1683 352 1689 ’
398 1663 455 1718 Has
471 1666 541 1718 inter
558 1659 743 1732 mediamque,
757 1664 814 1716 duae
832 1663 990 1716 mortalibus
1005 1663 1083 1734 aegtls

399 1764 514 1814 Munere
523 1759 778 1824 conteffaeDivstm,
789 1759 869 1812 &via
878 1759 944 1813 sada
953 1777 1001 1828 pet
1011 1762 1118 1826 ambas,
1131 1759 1134 1767 '

372 1847 374 1850 ’
402 1857 537 1928 Obliquus
549 1857 602 1928 qud
615 1859 643 1911 se
658 1857 803 1926 signorum
820 1864 938 1909 verteret
953 1858 1030 1910 ordo·

347 1967 401 2017 240
407 1955 523 2007 Mundus
533 1969 563 2008 ut
573 1956 605 2007 ad
615 1954 752 2024 Scythiam
762 1954 936 2024 Riphaeasque
944 1956 1040 2008 arduus
1049 1967 1120 2009 artes

403 2051 566 2121 Consurgit:
579 2051 710 2122 premitur
724 2051 817 2122 kibyae
828 2053 947 2106 devexus
963 2053 991 2105 in
1003 2052 1121 2108 Austros.

353 2212 355 2214 p
403 2146 453 2200 Hic
468 2162 565 2201 vertex
579 2148 659 2201 nobis
675 2147 780 2217 semper
795 2148 915 2203 sublimis
928 2170 935 2204 t
948 2164 975 2203 at
991 2149 1070 2204 illum

365 2318 367 2320 ‚
405 2244 457 2295 Sub
468 2243 579 2311 pedibus
591 2246 660 2315 Styx
671 2260 726 2298 atra
736 2245 827 2307 videt,
838 2247 984 2316 Manesque
995 2244 1131 2318 profundi·

405 2340 543 2394 Maximus
561 2338 604 2394 bic
617 2341 691 2395 flexu
705 2341 812 2395 sinuoso
828 2343 938 2396 elabitur
956 2343 1059 2414 Anguis

353 2449 401 2501 245
412 2435 537 2503 circum,
548 2456 649 2509 perque
659 2441 722 2492 duas
732 2439 761 2493 in
771 2454 874 2493 rnorem
883 2440 1002 2494 fluminis
1013 2440 1122 2505 Arbios.

408 2531 503 2587 Arbios
521 2534 624 2588 Oceani
641 2551 790 2589 metuentes
805 2553 913 2605 aequore
928 2536 1006 2609 tingi.

408 2628 484 2691 illic,
500 2643 530 2681 ut
545 2630 704 2697 perbibent,
721 2646 767 2684 aut
782 2631 937 2702 intempesta
952 2632 1010 2686 silet
1029 2650 1109 2699 nox,

408 2725 519 2793 Semper
535 2726 561 2779 St
578 2727 687 2780 obtentd
700 2729 842 2782 densantur
858 2728 935 2783 nodie
953 2728 1087 2781 tenebraet

410 2820 463 2874 Ant
480 2821 548 2876 redit
565 2822 675 2877 anobis
694 2824 816 2889 Aurora,
831 2825 954 2893 diemque
971 2824 1091 2884 reducit3

357 2918 525 2990 250N0sque
535 2918 581 2971 ubi
595 2918 696 2988 primus
709 2919 785 2988 equis
798 2918 898 2972 Oriens
910 2900 1011 2971 afflavit
1023 2917 1146 2980 anhelis,

410 3015 470 3069 lllic
486 3016 540 3070 seta
554 3018 649 3070 rubens
666 3016 787 3070 accendit
801 3016 902 3069 lumina
918 3016 1033 3084 Vesper.
1066 3057 1069 3062 ,

408 3112 661 3183 ,Hinc'tempestntes
678 3114 760 3166 dubio
776 3112 930 3181 praediscere
947 3114 1020 3165 coelo
1126 3101 1130 3106 ’

414 3208 562 3271 Possumus,
572 3211 635 3263 hine
643 3209 780 3278 messisque
789 3209 859 3262 diem
871 3209 1027 3277 tempusque
1037 3206 1150 3269 serendis

415 3304 447 3362 Et
464 3308 570 3380 quandb
586 3308 698 3365 infidum
709 3307 790 3363 tentis
806 3306 944 3379 impellere
961 3320 1079 3359 marmot
