<?xml version="1.0" encoding="UTF-8"?>
<!DOCTYPE html PUBLIC "-//W3C//DTD XHTML 1.0 Transitional//EN"
    "http://www.w3.org/TR/xhtml1/DTD/xhtml1-transitional.dtd">
<html xmlns="http://www.w3.org/1999/xhtml" xml:lang="en" lang="en">
 <head>
  <title>
</title>
<meta http-equiv="Content-Type" content="text/html;charset=utf-8" />
  <meta name='ocr-system' content='tesseract 3.04.00' />
  <meta name='ocr-capabilities' content='ocr_page ocr_carea ocr_par ocr_line ocrx_word'/>
</head>
<body>
  <div class='ocr_page' id='page_1' title='image "./publiivirgiliim00cappgoog/publiivirgiliim00cappgoog_0179.png"; bbox 0 0 2859 4325; ppageno 0'>
   <div class='ocr_carea' id='block_1_1' title="bbox 481 619 1051 707">
    <p class='ocr_par' dir='ltr' id='par_1_1' title="bbox 481 619 1051 707">
     <span class='ocr_line' id='line_1_1' title="bbox 481 619 1051 707; baseline 0 -2"><span class='ocrx_word' id='word_1_1' title='bbox 481 624 729 706; x_wconf 68' lang='lat' dir='ltr'>Laron</span> <span class='ocrx_word' id='word_1_2' title='bbox 787 619 899 706; x_wconf 87' lang='lat' dir='ltr'><em>III.</em></span> <span class='ocrx_word' id='word_1_3' title='bbox 978 651 1051 707; x_wconf 96' lang='grc' dir='ltr'>ιιι</span> 
     </span>
    </p>
   </div>
   <div class='ocr_carea' id='block_1_2' title="bbox 297 784 1106 1439">
    <p class='ocr_par' dir='ltr' id='par_1_2' title="bbox 297 784 1106 1243">
     <span class='ocr_line' id='line_1_2' title="bbox 299 784 1106 858; baseline -0.002 -17"><span class='ocrx_word' id='word_1_4' title='bbox 299 812 302 819; x_wconf 95' lang='grc'><strong><em>·</em></strong></span> <span class='ocrx_word' id='word_1_5' title='bbox 341 784 1106 858; x_wconf 80' lang='lat' dir='ltr'>Omneadeogenusinterrishominumque,lerarumque‚</span> 
     </span>
     <span class='ocr_line' id='line_1_3' title="bbox 297 882 1068 957; baseline -0.004 -21"><span class='ocrx_word' id='word_1_6' title='bbox 297 884 342 957; x_wconf 28' lang='lat' dir='ltr'>&#39;Et</span> <span class='ocrx_word' id='word_1_7' title='bbox 355 900 439 955; x_wconf 79' lang='lat' dir='ltr'>genus</span> <span class='ocrx_word' id='word_1_8' title='bbox 451 900 608 952; x_wconf 82' lang='lat' dir='ltr'>aequoreum</span> <span class='ocrx_word' id='word_1_9' title='bbox 619 883 767 952; x_wconf 49' lang='lat' dir='ltr'>,pecudem</span> <span class='ocrx_word' id='word_1_10' title='bbox 780 882 911 951; x_wconf 77' lang='lat' dir='ltr'>pisiaeque</span> <span class='ocrx_word' id='word_1_11' title='bbox 925 884 1068 945; x_wconf 84' lang='lat' dir='ltr'>volucres,</span> 
     </span>
     <span class='ocr_line' id='line_1_4' title="bbox 311 976 1060 1050; baseline -0.004 -19"><span class='ocrx_word' id='word_1_12' title='bbox 311 981 345 1031; x_wconf 93' lang='lat' dir='ltr'>ln</span> <span class='ocrx_word' id='word_1_13' title='bbox 360 977 442 1031; x_wconf 84' lang='lat' dir='ltr'>lorias</span> <span class='ocrx_word' id='word_1_14' title='bbox 456 977 601 1050; x_wconf 79' lang='lat' dir='ltr'>ignemque</span> <span class='ocrx_word' id='word_1_15' title='bbox 615 992 697 1030; x_wconf 87' lang='lat' dir='ltr'>ruunt</span> <span class='ocrx_word' id='word_1_16' title='bbox 713 997 721 1031; x_wconf 79' lang='lat' dir='ltr'>r</span> <span class='ocrx_word' id='word_1_17' title='bbox 738 978 822 1031; x_wconf 81' lang='lat' dir='ltr'>Amor</span> <span class='ocrx_word' id='word_1_18' title='bbox 837 977 963 1030; x_wconf 85' lang='lat' dir='ltr'>omnibus</span> <span class='ocrx_word' id='word_1_19' title='bbox 981 976 1060 1030; x_wconf 84' lang='lat' dir='ltr'>idem.</span> 
     </span>
     <span class='ocr_line' id='line_1_5' title="bbox 310 1074 1102 1143; baseline 0 -17"><span class='ocrx_word' id='word_1_20' title='bbox 310 1075 449 1143; x_wconf 83' lang='lat' dir='ltr'>Tempore</span> <span class='ocrx_word' id='word_1_21' title='bbox 465 1091 522 1127; x_wconf 89' lang='lat' dir='ltr'>non</span> <span class='ocrx_word' id='word_1_22' title='bbox 536 1074 591 1127; x_wconf 85' lang='lat' dir='ltr'>alio</span> <span class='ocrx_word' id='word_1_23' title='bbox 606 1076 756 1126; x_wconf 86' lang='lat' dir='ltr'>catulorum</span> <span class='ocrx_word' id='word_1_24' title='bbox 773 1074 856 1127; x_wconf 88' lang='lat' dir='ltr'>oblita</span> <span class='ocrx_word' id='word_1_25' title='bbox 870 1077 969 1138; x_wconf 83' lang='lat' dir='ltr'>leaena,</span> <span class='ocrx_word' id='word_1_26' title='bbox 1046 1087 1102 1140; x_wconf 22' lang='lat'>*245</span> 
     </span>
     <span class='ocr_line' id='line_1_6' title="bbox 310 1169 942 1243; baseline 0.008 -23"><span class='ocrx_word' id='word_1_27' title='bbox 310 1169 418 1223; x_wconf 71' lang='lat' dir='ltr'>Saevior</span> <span class='ocrx_word' id='word_1_28' title='bbox 431 1169 532 1225; x_wconf 85' lang='lat' dir='ltr'>erravit</span> <span class='ocrx_word' id='word_1_29' title='bbox 546 1171 648 1239; x_wconf 77' lang='lat' dir='ltr'>campis</span> <span class='ocrx_word' id='word_1_30' title='bbox 662 1189 672 1231; x_wconf 67' lang='grc' dir='ltr'><strong>ι</strong></span> <span class='ocrx_word' id='word_1_31' title='bbox 689 1187 739 1224; x_wconf 87' lang='lat' dir='ltr'>nec</span> <span class='ocrx_word' id='word_1_32' title='bbox 755 1172 846 1225; x_wconf 81' lang='lat' dir='ltr'>funera</span> <span class='ocrx_word' id='word_1_33' title='bbox 859 1170 942 1243; x_wconf 79' lang='lat' dir='ltr'>vulgo</span> 
     </span>
    </p>

    <p class='ocr_par' dir='ltr' id='par_1_3' title="bbox 310 1266 999 1339">
     <span class='ocr_line' id='line_1_7' title="bbox 310 1266 999 1339; baseline 0.007 -22"><span class='ocrx_word' id='word_1_34' title='bbox 310 1266 380 1318; x_wconf 86' lang='lat' dir='ltr'>Tam</span> <span class='ocrx_word' id='word_1_35' title='bbox 395 1269 480 1320; x_wconf 87' lang='lat' dir='ltr'>multa</span> <span class='ocrx_word' id='word_1_36' title='bbox 495 1267 625 1322; x_wconf 77' lang='lat' dir='ltr'>informes</span> <span class='ocrx_word' id='word_1_37' title='bbox 640 1269 708 1328; x_wconf 82' lang='lat' dir='ltr'>ursi,</span> <span class='ocrx_word' id='word_1_38' title='bbox 727 1269 889 1339; x_wconf 84' lang='lat' dir='ltr'>stragemque</span> <span class='ocrx_word' id='word_1_39' title='bbox 905 1268 999 1322; x_wconf 74' lang='lat' dir='ltr'>deddre</span> 
     </span>
    </p>

    <p class='ocr_par' dir='ltr' id='par_1_4' title="bbox 312 1344 1043 1439">
     <span class='ocr_line' id='line_1_8' title="bbox 312 1344 1043 1439; baseline 0.005 -23"><span class='ocrx_word' id='word_1_40' title='bbox 312 1363 364 1417; x_wconf 89' lang='lat' dir='ltr'>Per</span> <span class='ocrx_word' id='word_1_41' title='bbox 380 1364 458 1419; x_wconf 83' lang='lat' dir='ltr'>silvas</span> <span class='ocrx_word' id='word_1_42' title='bbox 474 1383 483 1426; x_wconf 70' lang='grc' dir='ltr'><strong>ι</strong></span> <span class='ocrx_word' id='word_1_43' title='bbox 497 1379 555 1419; x_wconf 88' lang='lat' dir='ltr'>tum</span> <span class='ocrx_word' id='word_1_44' title='bbox 570 1366 655 1418; x_wconf 81' lang='lat' dir='ltr'>saevus</span> <span class='ocrx_word' id='word_1_45' title='bbox 670 1383 751 1434; x_wconf 85' lang='lat' dir='ltr'>aper,</span> <span class='ocrx_word' id='word_1_46' title='bbox 764 1344 825 1418; x_wconf 82' lang='lat' dir='ltr'>¹tum</span> <span class='ocrx_word' id='word_1_47' title='bbox 840 1365 945 1435; x_wconf 79' lang='lat' dir='ltr'>peffima</span> <span class='ocrx_word' id='word_1_48' title='bbox 957 1365 1043 1439; x_wconf 77' lang='lat' dir='ltr'>tigris.</span> 
     </span>
    </p>
   </div>
   <div class='ocr_carea' id='block_1_3' title="bbox 261 1460 1107 3382">
    <p class='ocr_par' dir='ltr' id='par_1_5' title="bbox 261 1460 1107 3382">
     <span class='ocr_line' id='line_1_9' title="bbox 312 1460 1005 1535; baseline 0.004 -23"><span class='ocrx_word' id='word_1_49' title='bbox 312 1460 375 1513; x_wconf 84' lang='lat' dir='ltr'>Heu</span> <span class='ocrx_word' id='word_1_50' title='bbox 391 1466 399 1517; x_wconf 73' lang='grc' dir='ltr'><strong><em>Ξ</em></strong></span> <span class='ocrx_word' id='word_1_51' title='bbox 413 1462 486 1517; x_wconf 77' lang='lat' dir='ltr'>mal&#39;e</span> <span class='ocrx_word' id='word_1_52' title='bbox 502 1479 560 1516; x_wconf 89' lang='lat' dir='ltr'>tum</span> <span class='ocrx_word' id='word_1_53' title='bbox 576 1463 668 1534; x_wconf 81' lang='lat' dir='ltr'>Libyae</span> <span class='ocrx_word' id='word_1_54' title='bbox 684 1463 750 1517; x_wconf 83' lang='lat' dir='ltr'>solis</span> <span class='ocrx_word' id='word_1_55' title='bbox 763 1479 867 1516; x_wconf 86' lang='lat' dir='ltr'>erratur</span> <span class='ocrx_word' id='word_1_56' title='bbox 882 1463 911 1515; x_wconf 90' lang='lat' dir='ltr'>in</span> <span class='ocrx_word' id='word_1_57' title='bbox 926 1464 1005 1535; x_wconf 79' lang='lat' dir='ltr'>agris.</span> 
     </span>
     <span class='ocr_line' id='line_1_10' title="bbox 312 1549 1106 1631; baseline 0.004 -22"><span class='ocrx_word' id='word_1_58' title='bbox 312 1555 413 1611; x_wconf 82' lang='lat' dir='ltr'>Nonne</span> <span class='ocrx_word' id='word_1_59' title='bbox 427 1559 521 1620; x_wconf 87' lang='lat' dir='ltr'>vides,</span> <span class='ocrx_word' id='word_1_60' title='bbox 536 1574 566 1613; x_wconf 90' lang='lat' dir='ltr'>ut</span> <span class='ocrx_word' id='word_1_61' title='bbox 578 1569 637 1614; x_wconf 82' lang='lat' dir='ltr'>tora</span> <span class='ocrx_word' id='word_1_62' title='bbox 649 1562 752 1615; x_wconf 82' lang='lat' dir='ltr'>tremor</span> <span class='ocrx_word' id='word_1_63' title='bbox 765 1575 899 1630; x_wconf 82' lang='lat' dir='ltr'>pertentet</span> <span class='ocrx_word' id='word_1_64' title='bbox 909 1549 1040 1631; x_wconf 82' lang='lat' dir='ltr'>equorum</span> <span class='ocrx_word' id='word_1_65' title='bbox 1053 1577 1067 1614; x_wconf 88' lang='lat'>2</span> <span class='ocrx_word' id='word_1_66' title='bbox 1072 1576 1106 1628; x_wconf 84' lang='lat'>50</span> 
     </span>
     <span class='ocr_line' id='line_1_11' title="bbox 312 1653 1009 1724; baseline 0.011 -18"><span class='ocrx_word' id='word_1_67' title='bbox 312 1653 457 1724; x_wconf 77' lang='lat' dir='ltr'>Corpora,</span> <span class='ocrx_word' id='word_1_68' title='bbox 473 1656 494 1709; x_wconf 84' lang='lat' dir='ltr'><strong>fi</strong></span> <span class='ocrx_word' id='word_1_69' title='bbox 510 1657 613 1710; x_wconf 79' lang='lat' dir='ltr'>tanturn</span> <span class='ocrx_word' id='word_1_70' title='bbox 629 1672 708 1711; x_wconf 84' lang='lat' dir='ltr'>notas</span> <span class='ocrx_word' id='word_1_71' title='bbox 723 1660 794 1712; x_wconf 84' lang='lat' dir='ltr'>odor</span> <span class='ocrx_word' id='word_1_72' title='bbox 807 1657 896 1712; x_wconf 85' lang='lat' dir='ltr'>attulit</span> <span class='ocrx_word' id='word_1_73' title='bbox 912 1660 1009 1714; x_wconf 73' lang='lat' dir='ltr'>auras?</span> 
     </span>
     <span class='ocr_line' id='line_1_12' title="bbox 312 1751 1086 1825; baseline 0.005 -22"><span class='ocrx_word' id='word_1_74' title='bbox 312 1753 353 1803; x_wconf 77' lang='lat' dir='ltr'>Ac</span> <span class='ocrx_word' id='word_1_75' title='bbox 363 1768 451 1821; x_wconf 84' lang='lat' dir='ltr'>neque</span> <span class='ocrx_word' id='word_1_76' title='bbox 462 1768 509 1805; x_wconf 80' lang='lat' dir='ltr'>ror</span> <span class='ocrx_word' id='word_1_77' title='bbox 519 1751 573 1820; x_wconf 82' lang='lat' dir='ltr'>jam</span> <span class='ocrx_word' id='word_1_78' title='bbox 585 1754 658 1807; x_wconf 89' lang='lat' dir='ltr'>srena</span> <span class='ocrx_word' id='word_1_79' title='bbox 669 1754 759 1808; x_wconf 74' lang='lat' dir='ltr'>virum</span> <span class='ocrx_word' id='word_1_80' title='bbox 770 1771 874 1825; x_wconf 88' lang='lat' dir='ltr'>,neque</span> <span class='ocrx_word' id='word_1_81' title='bbox 883 1755 993 1808; x_wconf 87' lang='lat' dir='ltr'>verbera</span> <span class='ocrx_word' id='word_1_82' title='bbox 1001 1753 1086 1814; x_wconf 77' lang='lat' dir='ltr'>saeva.</span> 
     </span>
     <span class='ocr_line' id='line_1_13' title="bbox 269 1828 1090 1918; baseline 0.002 -20"><span class='ocrx_word' id='word_1_83' title='bbox 269 1892 273 1898; x_wconf 94' lang='lat'>.</span> <span class='ocrx_word' id='word_1_84' title='bbox 312 1849 378 1901; x_wconf 85' lang='lat' dir='ltr'>Non</span> <span class='ocrx_word' id='word_1_85' title='bbox 388 1847 494 1916; x_wconf 86' lang='lat' dir='ltr'><strong>scopuli</strong></span> <span class='ocrx_word' id='word_1_86' title='bbox 504 1828 633 1918; x_wconf 81' lang='lat' dir='ltr'>rupesque</span> <span class='ocrx_word' id='word_1_87' title='bbox 644 1866 736 1908; x_wconf 69' lang='lat' dir='ltr'>cave,</span> <span class='ocrx_word' id='word_1_88' title='bbox 753 1865 829 1918; x_wconf 83' lang='lat' dir='ltr'>atque</span> <span class='ocrx_word' id='word_1_89' title='bbox 841 1849 943 1916; x_wconf 74' lang='lat' dir='ltr'>obiedla</span> <span class='ocrx_word' id='word_1_90' title='bbox 957 1849 1090 1903; x_wconf 84' lang='lat' dir='ltr'>retardant</span> 
     </span>
     <span class='ocr_line' id='line_1_14' title="bbox 312 1943 978 2017; baseline 0.002 -17"><span class='ocrx_word' id='word_1_91' title='bbox 312 1943 438 2000; x_wconf 85' lang='lat' dir='ltr'>Flumina</span> <span class='ocrx_word' id='word_1_92' title='bbox 454 1961 594 2016; x_wconf 86' lang='lat' dir='ltr'>correptos</span> <span class='ocrx_word' id='word_1_93' title='bbox 608 1946 678 2000; x_wconf 81' lang='lat' dir='ltr'>undrl</span> <span class='ocrx_word' id='word_1_94' title='bbox 695 1947 848 2017; x_wconf 80' lang='lat' dir='ltr'>torquentia</span> <span class='ocrx_word' id='word_1_95' title='bbox 862 1961 978 2001; x_wconf 78' lang='lat' dir='ltr'>montet.</span> 
     </span>
     <span class='ocr_line' id='line_1_15' title="bbox 312 2042 1104 2114; baseline -0.003 -16"><span class='ocrx_word' id='word_1_96' title='bbox 312 2045 374 2114; x_wconf 88' lang='lat' dir='ltr'>lpse</span> <span class='ocrx_word' id='word_1_97' title='bbox 389 2042 443 2096; x_wconf 89' lang='lat' dir='ltr'>ruit</span> <span class='ocrx_word' id='word_1_98' title='bbox 464 2043 608 2112; x_wconf 84' lang='lat' dir='ltr'>dentesque</span> <span class='ocrx_word' id='word_1_99' title='bbox 621 2045 766 2097; x_wconf 83' lang='lat' dir='ltr'>Sabellicus</span> <span class='ocrx_word' id='word_1_100' title='bbox 781 2043 885 2098; x_wconf 77' lang='lat' dir='ltr'>exacuit</span> <span class='ocrx_word' id='word_1_101' title='bbox 899 2044 962 2108; x_wconf 83' lang='lat' dir='ltr'>sus,</span> <span class='ocrx_word' id='word_1_102' title='bbox 1051 2060 1068 2096; x_wconf 83' lang='lat'>2</span> <span class='ocrx_word' id='word_1_103' title='bbox 1073 2061 1104 2110; x_wconf 85' lang='lat'>55</span> 
     </span>
     <span class='ocr_line' id='line_1_16' title="bbox 312 2139 1019 2211; baseline 0.001 -15"><span class='ocrx_word' id='word_1_104' title='bbox 312 2143 346 2196; x_wconf 88' lang='lat' dir='ltr'>Et</span> <span class='ocrx_word' id='word_1_105' title='bbox 357 2143 425 2211; x_wconf 88' lang='lat' dir='ltr'>pede</span> <span class='ocrx_word' id='word_1_106' title='bbox 437 2139 586 2211; x_wconf 84' lang='lat' dir='ltr'>prosubigit</span> <span class='ocrx_word' id='word_1_107' title='bbox 597 2155 694 2195; x_wconf 85' lang='lat' dir='ltr'>terram</span> <span class='ocrx_word' id='word_1_108' title='bbox 705 2178 712 2201; x_wconf 90' lang='lat'>.</span> <span class='ocrx_word' id='word_1_109' title='bbox 724 2141 800 2196; x_wconf 82' lang='lat' dir='ltr'>fricat</span> <span class='ocrx_word' id='word_1_110' title='bbox 811 2144 903 2197; x_wconf 80' lang='lat' dir='ltr'>arbore</span> <span class='ocrx_word' id='word_1_111' title='bbox 914 2142 998 2197; x_wconf 82' lang='lat' dir='ltr'>collas</span> <span class='ocrx_word' id='word_1_112' title='bbox 1009 2179 1019 2202; x_wconf 88' lang='lat'><em>,</em></span> 
     </span>
     <span class='ocr_line' id='line_1_17' title="bbox 312 2238 1049 2310; baseline -0.004 -17"><span class='ocrx_word' id='word_1_113' title='bbox 312 2242 403 2310; x_wconf 74' lang='lat' dir='ltr'>Atque</span> <span class='ocrx_word' id='word_1_114' title='bbox 413 2240 477 2292; x_wconf 91' lang='lat' dir='ltr'>hinc</span> <span class='ocrx_word' id='word_1_115' title='bbox 487 2254 567 2308; x_wconf 87' lang='lat' dir='ltr'>atque</span> <span class='ocrx_word' id='word_1_116' title='bbox 577 2238 651 2292; x_wconf 88' lang='lat' dir='ltr'>illinc</span> <span class='ocrx_word' id='word_1_117' title='bbox 661 2241 787 2293; x_wconf 84' lang='lat' dir='ltr'>humeros</span> <span class='ocrx_word' id='word_1_118' title='bbox 798 2242 829 2293; x_wconf 84' lang='lat' dir='ltr'>ad</span> <span class='ocrx_word' id='word_1_119' title='bbox 841 2241 951 2293; x_wconf 88' lang='lat' dir='ltr'>vulnera</span> <span class='ocrx_word' id='word_1_120' title='bbox 962 2243 1049 2293; x_wconf 85' lang='lat' dir='ltr'>durat.</span> 
     </span>
     <span class='ocr_line' id='line_1_18' title="bbox 314 2335 1062 2407; baseline -0.007 -16"><span class='ocrx_word' id='word_1_121' title='bbox 314 2338 390 2407; x_wconf 90' lang='lat' dir='ltr'>Quid</span> <span class='ocrx_word' id='word_1_122' title='bbox 398 2336 507 2403; x_wconf 84' lang='lat' dir='ltr'>juvenis</span> <span class='ocrx_word' id='word_1_123' title='bbox 517 2375 525 2401; x_wconf 89' lang='lat'>,</span> <span class='ocrx_word' id='word_1_124' title='bbox 536 2352 660 2405; x_wconf 80' lang='lat' dir='ltr'>magnum</span> <span class='ocrx_word' id='word_1_125' title='bbox 671 2336 714 2389; x_wconf 90' lang='lat' dir='ltr'>cui</span> <span class='ocrx_word' id='word_1_126' title='bbox 726 2337 814 2390; x_wconf 86' lang='lat' dir='ltr'>versat</span> <span class='ocrx_word' id='word_1_127' title='bbox 825 2336 854 2389; x_wconf 90' lang='lat' dir='ltr'>in</span> <span class='ocrx_word' id='word_1_128' title='bbox 864 2336 961 2389; x_wconf 86' lang='lat' dir='ltr'>ollibus</span> <span class='ocrx_word' id='word_1_129' title='bbox 971 2335 1062 2405; x_wconf 83' lang='lat' dir='ltr'>ignem</span> 
     </span>
     <span class='ocr_line' id='line_1_19' title="bbox 314 2434 1044 2505; baseline -0.004 -16"><span class='ocrx_word' id='word_1_130' title='bbox 314 2439 407 2490; x_wconf 79' lang='lat' dir='ltr'>Durus</span> <span class='ocrx_word' id='word_1_131' title='bbox 421 2438 507 2490; x_wconf 81' lang='lat' dir='ltr'>Amor</span> <span class='ocrx_word' id='word_1_132' title='bbox 521 2439 533 2491; x_wconf 71' lang='lat' dir='ltr'>l</span> <span class='ocrx_word' id='word_1_133' title='bbox 549 2438 652 2505; x_wconf 83' lang='lat' dir='ltr'>Nempe</span> <span class='ocrx_word' id='word_1_134' title='bbox 668 2435 787 2505; x_wconf 84' lang='lat' dir='ltr'>abruptis</span> <span class='ocrx_word' id='word_1_135' title='bbox 802 2436 903 2487; x_wconf 81' lang='lat' dir='ltr'>turbata</span> <span class='ocrx_word' id='word_1_136' title='bbox 918 2434 1044 2503; x_wconf 86' lang='lat' dir='ltr'>procellis</span> 
     </span>
     <span class='ocr_line' id='line_1_20' title="bbox 315 2530 1107 2603; baseline -0.004 -18"><span class='ocrx_word' id='word_1_137' title='bbox 315 2531 404 2586; x_wconf 76' lang='lat' dir='ltr'>Neue</span> <span class='ocrx_word' id='word_1_138' title='bbox 414 2548 489 2585; x_wconf 86' lang='lat' dir='ltr'>natat</span> <span class='ocrx_word' id='word_1_139' title='bbox 499 2532 568 2586; x_wconf 67' lang='lat' dir='ltr'>caecl</span> <span class='ocrx_word' id='word_1_140' title='bbox 579 2534 651 2587; x_wconf 88' lang='lat' dir='ltr'>serus</span> <span class='ocrx_word' id='word_1_141' title='bbox 665 2535 731 2586; x_wconf 85' lang='lat' dir='ltr'>freta</span> <span class='ocrx_word' id='word_1_142' title='bbox 743 2552 751 2595; x_wconf 80' lang='lat'>3</span> <span class='ocrx_word' id='word_1_143' title='bbox 768 2549 847 2603; x_wconf 85' lang='lat' dir='ltr'>quem</span> <span class='ocrx_word' id='word_1_144' title='bbox 859 2532 937 2600; x_wconf 88' lang='lat' dir='ltr'>super</span> <span class='ocrx_word' id='word_1_145' title='bbox 947 2531 1041 2602; x_wconf 81' lang='lat' dir='ltr'>ingens</span> <span class='ocrx_word' id='word_1_146' title='bbox 1055 2530 1107 2583; x_wconf 82' lang='lat'>260</span> 
     </span>
     <span class='ocr_line' id='line_1_21' title="bbox 316 2627 1010 2699; baseline 0.001 -20"><span class='ocrx_word' id='word_1_147' title='bbox 316 2627 397 2681; x_wconf 84' lang='lat' dir='ltr'>Porta</span> <span class='ocrx_word' id='word_1_148' title='bbox 414 2642 492 2681; x_wconf 85' lang='lat' dir='ltr'>tonat</span> <span class='ocrx_word' id='word_1_149' title='bbox 508 2629 590 2695; x_wconf 86' lang='lat' dir='ltr'>coeli,</span> <span class='ocrx_word' id='word_1_150' title='bbox 605 2632 632 2683; x_wconf 79' lang='lat' dir='ltr'>dc</span> <span class='ocrx_word' id='word_1_151' title='bbox 648 2628 766 2699; x_wconf 87' lang='lat' dir='ltr'>scopulis</span> <span class='ocrx_word' id='word_1_152' title='bbox 782 2630 849 2683; x_wconf 83' lang='lat' dir='ltr'>illisa</span> <span class='ocrx_word' id='word_1_153' title='bbox 866 2632 1010 2681; x_wconf 84' lang='lat' dir='ltr'>reclamant</span> 
     </span>
     <span class='ocr_line' id='line_1_22' title="bbox 315 2725 1045 2797; baseline 0 -18"><span class='ocrx_word' id='word_1_154' title='bbox 315 2725 438 2795; x_wconf 82' lang='lat' dir='ltr'>AEquora</span> <span class='ocrx_word' id='word_1_155' title='bbox 450 2746 459 2786; x_wconf 72' lang='lat' dir='ltr'>c</span> <span class='ocrx_word' id='word_1_156' title='bbox 472 2743 521 2780; x_wconf 87' lang='lat' dir='ltr'>nec</span> <span class='ocrx_word' id='word_1_157' title='bbox 535 2727 624 2781; x_wconf 86' lang='lat' dir='ltr'>miseri</span> <span class='ocrx_word' id='word_1_158' title='bbox 639 2727 747 2797; x_wconf 81' lang='lat' dir='ltr'>possunt</span> <span class='ocrx_word' id='word_1_159' title='bbox 761 2743 888 2782; x_wconf 80' lang='lat' dir='ltr'>revocare</span> <span class='ocrx_word' id='word_1_160' title='bbox 905 2725 1045 2795; x_wconf 71' lang='lat' dir='ltr'>parentes&#39;,</span> 
     </span>
     <span class='ocr_line' id='line_1_23' title="bbox 317 2822 938 2893; baseline -0.002 -18"><span class='ocrx_word' id='word_1_161' title='bbox 317 2823 373 2876; x_wconf 87' lang='lat' dir='ltr'>Nec</span> <span class='ocrx_word' id='word_1_162' title='bbox 390 2822 520 2877; x_wconf 82' lang='lat' dir='ltr'>moritura</span> <span class='ocrx_word' id='word_1_163' title='bbox 534 2825 611 2893; x_wconf 85' lang='lat' dir='ltr'>super</span> <span class='ocrx_word' id='word_1_164' title='bbox 626 2825 727 2878; x_wconf 89' lang='lat' dir='ltr'>crudeli</span> <span class='ocrx_word' id='word_1_165' title='bbox 741 2826 834 2878; x_wconf 87' lang='lat' dir='ltr'>sunere</span> <span class='ocrx_word' id='word_1_166' title='bbox 847 2825 938 2893; x_wconf 82' lang='lat' dir='ltr'>virgo.</span> 
     </span>
     <span class='ocr_line' id='line_1_24' title="bbox 261 2920 1065 2991; baseline 0.001 -19"><span class='ocrx_word' id='word_1_167' title='bbox 261 2957 265 2966; x_wconf 85' lang='lat'>.</span> <span class='ocrx_word' id='word_1_168' title='bbox 318 2920 391 2987; x_wconf 85' lang='lat' dir='ltr'>Quid</span> <span class='ocrx_word' id='word_1_169' title='bbox 399 2923 494 2990; x_wconf 84' lang='lat' dir='ltr'>lynces</span> <span class='ocrx_word' id='word_1_170' title='bbox 504 2921 599 2975; x_wconf 87' lang='lat' dir='ltr'>Bacchi</span> <span class='ocrx_word' id='word_1_171' title='bbox 611 2921 708 2984; x_wconf 81' lang='lat' dir='ltr'>variae,</span> <span class='ocrx_word' id='word_1_172' title='bbox 724 2922 749 2973; x_wconf 78' lang='grc' dir='ltr'>δι</span> <span class='ocrx_word' id='word_1_173' title='bbox 760 2937 844 2991; x_wconf 78' lang='lat' dir='ltr'>genus</span> <span class='ocrx_word' id='word_1_174' title='bbox 855 2936 913 2972; x_wconf 83' lang='lat' dir='ltr'>acre</span> <span class='ocrx_word' id='word_1_175' title='bbox 924 2922 1065 2989; x_wconf 85' lang='lat' dir='ltr'>luporum,</span> 
     </span>
     <span class='ocr_line' id='line_1_25' title="bbox 317 3016 1107 3089; baseline -0.001 -18"><span class='ocrx_word' id='word_1_176' title='bbox 317 3018 403 3088; x_wconf 79' lang='lat' dir='ltr'>Atque</span> <span class='ocrx_word' id='word_1_177' title='bbox 412 3020 785 3089; x_wconf 74' lang='lat' dir='ltr'>canumlquidquaeimbelles</span> <span class='ocrx_word' id='word_1_178' title='bbox 794 3016 1048 3085; x_wconf 82' lang='lat' dir='ltr'>dantproeliacervi?</span> <span class='ocrx_word' id='word_1_179' title='bbox 1058 3017 1107 3083; x_wconf 87' lang='lat'>265</span> 
     </span>
     <span class='ocr_line' id='line_1_26' title="bbox 353 3112 1065 3182; baseline 0 -15"><span class='ocrx_word' id='word_1_180' title='bbox 353 3113 464 3168; x_wconf 84' lang='lat' dir='ltr'>Scilicet</span> <span class='ocrx_word' id='word_1_181' title='bbox 478 3113 542 3168; x_wconf 63' lang='lat' dir='ltr'>anti</span> <span class='ocrx_word' id='word_1_182' title='bbox 555 3132 649 3167; x_wconf 88' lang='lat' dir='ltr'>omnes</span> <span class='ocrx_word' id='word_1_183' title='bbox 663 3116 739 3168; x_wconf 87' lang='lat' dir='ltr'>furor</span> <span class='ocrx_word' id='word_1_184' title='bbox 751 3113 788 3167; x_wconf 85' lang='lat' dir='ltr'>est</span> <span class='ocrx_word' id='word_1_185' title='bbox 800 3112 907 3182; x_wconf 83' lang='lat' dir='ltr'>insignis</span> <span class='ocrx_word' id='word_1_186' title='bbox 920 3128 1065 3179; x_wconf 82' lang='lat' dir='ltr'>equarum:</span> 
     </span>
     <span class='ocr_line' id='line_1_27' title="bbox 318 3208 1066 3280; baseline 0.001 -17"><span class='ocrx_word' id='word_1_187' title='bbox 318 3211 350 3263; x_wconf 87' lang='lat' dir='ltr'>Et</span> <span class='ocrx_word' id='word_1_188' title='bbox 360 3225 482 3264; x_wconf 87' lang='lat' dir='ltr'>mentem</span> <span class='ocrx_word' id='word_1_189' title='bbox 494 3212 588 3264; x_wconf 80' lang='lat' dir='ltr'>Venus</span> <span class='ocrx_word' id='word_1_190' title='bbox 601 3210 657 3279; x_wconf 86' lang='lat' dir='ltr'>ipsa</span> <span class='ocrx_word' id='word_1_191' title='bbox 668 3211 756 3270; x_wconf 88' lang='lat' dir='ltr'>dedit,</span> <span class='ocrx_word' id='word_1_192' title='bbox 769 3228 823 3280; x_wconf 91' lang='lat' dir='ltr'>quo</span> <span class='ocrx_word' id='word_1_193' title='bbox 835 3224 956 3278; x_wconf 87' lang='lat' dir='ltr'>tempore</span> <span class='ocrx_word' id='word_1_194' title='bbox 969 3208 1066 3264; x_wconf 84' lang='lat' dir='ltr'>Glauci</span> 
     </span>
     <span class='ocr_line' id='line_1_28' title="bbox 318 3303 1090 3382; baseline -0.006 -17"><span class='ocrx_word' id='word_1_195' title='bbox 318 3307 461 3366; x_wconf 79' lang='lat' dir='ltr'>Potniades</span> <span class='ocrx_word' id='word_1_196' title='bbox 477 3309 556 3365; x_wconf 83' lang='lat' dir='ltr'>malis</span> <span class='ocrx_word' id='word_1_197' title='bbox 572 3310 688 3365; x_wconf 83' lang='lat' dir='ltr'>membra</span> <span class='ocrx_word' id='word_1_198' title='bbox 704 3309 870 3382; x_wconf 70' lang='lat' dir='ltr'>absumpsere</span> <span class='ocrx_word' id='word_1_199' title='bbox 886 3303 1029 3379; x_wconf 67' lang='lat' dir='ltr'>quadriga.</span> <span class='ocrx_word' id='word_1_200' title='bbox 1083 3318 1090 3353; x_wconf 74' lang='grc' dir='ltr'>ἰ</span> 
     </span>
    </p>
   </div>
   <div class='ocr_carea' id='block_1_4' title="bbox 0 0 1449 4325">
    <p class='ocr_par' dir='ltr' id='par_1_6' title="bbox 0 0 1449 4325">
     <span class='ocr_line' id='line_1_29' title="bbox 0 0 1449 4325; baseline 0 0"><span class='ocrx_word' id='word_1_201' title='bbox 0 0 1449 4325; x_wconf 95' lang='lat' dir='ltr'> </span> 
     </span>
    </p>
   </div>
  </div>
 </body>
</html>
