2859 4325
348 589 386 702 ⁴8
558 583 927 676 Bocozzcn„

360 747 418 799 Nec
432 748 499 800 mala
513 745 599 802 vicini
612 730 719 819 pecoris
736 750 860 823 contagia
873 753 981 806 laedent.

360 845 505 899 Fortunate
522 845 624 900 senex!
641 845 685 901 hic
699 848 772 916 inter
783 847 894 902 flumina
908 862 974 903 uota

360 941 394 993 Et
407 941 497 996 sontes
511 942 617 1003 sacros,
632 944 715 1015 srigus
732 946 851 1015 captabis
865 961 989 1015 opacum.

331 1032 334 1038 ’
361 1037 434 1091 Hinc
450 1037 519 1104 ribi,
537 1057 596 1110 quae
610 1041 715 1112 semper
729 1043 823 1097 visino
838 1041 974 1117 alrlimite
989 1041 1068 1112 sepes

319 1154 335 1204 5
341 1151 352 1207 5
367 1135 486 1205 Hyblaeis
502 1135 595 1206 apibus
612 1137 709 1192 florem
726 1139 829 1208 depasta
842 1138 948 1205 solidi,

363 1230 440 1302 Saep‘e
453 1233 510 1286 levi
525 1233 648 1288 somnum
665 1235 783 1288 suadebit
801 1235 871 1288 inire
886 1236 1005 1291 susurro·

363 1328 434 1382 Hinc
450 1330 503 1385 alti
519 1331 566 1385 sub
582 1350 648 1402 rupe
665 1349 741 1387 canet
755 1334 893 1387 frondator
907 1335 939 1391 ad
954 1350 1043 1387 auras·

363 1429 420 1481 Nec
436 1441 526 1480 tameo
540 1429 643 1482 interea·
657 1447 764 1496 raurae,
778 1444 822 1482 tua
839 1447 917 1496 eura,
929 1419 1089 1499 palumbes,

363 1527 422 1608 lieo
435 1542 541 1597 gemere
555 1525 630 1580 airid
642 1525 748 1580 eeffabir
763 1541 850 1581 turtur
864 1528 895 1581 ab
911 1529 998 1583 uimo.

630 1625 848 1699 Trsaunun.
1063 1613 1067 1618 ‘

323 1725 358 1777 do
368 1719 437 1775 Ant'e
450 1718 525 1776 leues
540 1736 606 1793 ergo
622 1721 761 1790 pascentur
775 1721 804 1774 in
823 1723 921 1777 aethere
939 1723 1033 1789 cervi,

366 1822 399 1874 Et
414 1822 480 1874 freta
495 1820 634 1874 destituent
648 1822 735 1875 nudos
750 1820 780 1874 in
794 1820 886 1874 littore
899 1821 1004 1891 pisces:

366 1916 458 1978 Antia,
470 1918 610 1987 pererratis
623 1904 764 1973 amborum
778 1915 892 1984 sinibus,
905 1919 986 1978 exui,
1076 1982 1081 1990 ,

367 2017 422 2070 Aut
432 2015 535 2068 Ararim
547 2017 657 2070 Parthus
669 2017 759 2076 bibet,
775 2031 819 2070 aut
832 2015 977 2071 Germania
989 2015 1095 2087 Tigrim
1107 2055 1117 2082 ,

368 2112 458 2183 Qu'aru
474 2113 564 2170 nostro
578 2113 650 2169 illius
664 2099 887 2186 labarur‘pediore
904 2116 1010 2171 vultus.

612 2204 676 2267 Ma
687 2228 704 2267 r.
715 2228 728 2268 1
741 2228 758 2267 a
772 2228 797 2267 or
810 2228 868 2268 us.
918 2214 919 2218 ’

324 2315 341 2367 6
344 2332 357 2380 5
371 2313 405 2366 At
418 2330 471 2367 nos
485 2312 550 2365 hinc
565 2310 611 2365 alii
626 2310 744 2365 sitientes
760 2311 856 2366 ibimus
871 2310 970 2366 Afrosr

368 2412 428 2465 Pars
436 2410 746 2482 Scythiamurapiaum
754 2410 840 2466 Cretae
849 2410 989 2464 veniemus
999 2409 1120 2472 Ouxem,

368 2510 402 2563 Et
414 2509 522 2579 penittis
537 2526 598 2564 toro
613 2510 714 2563 divisos
729 2511 794 2563 orbe
809 2509 965 2564 Britannos»

368 2607 426 2667 En,
442 2624 569 2675 umquam
584 2608 686 2675 patrios
701 2609 786 2677 longo
803 2605 862 2675 pdst
877 2621 999 2677 tempore
1013 2605 1080 2660 sines
1091 2644 1104 2670 ,-

369 2702 497 2771 Pauperis
513 2704 539 2755 dr
555 2704 645 2773 tuguri
659 2702 812 2771 congestum
826 2703 1063 2771 cespitecusmen,

327 2808 362 2857 7Ο
373 2800 432 2855 1¹0st
443 2801 547 2873 aliquot
557 2839 565 2866 ,
579 2816 639 2854 mea
653 2816 733 2870 regna
744 2798 855 2859 videns,
866 2800 983 2853 mirabor
991 2800 1099 2855 aristas?

370 2897 471 2969 Impius
485 2899 543 2952 hee
556 2913 611 2950 tam
623 2898 693 2951 culta
709 2896 818 2950 novalia
831 2896 910 2949 miles
922 2897 1047 2953 habebit?

370 2997 499 3051 Barbarus
512 2998 560 3051 has
573 2996 674 3067 segetes
688 2996 700 3051 i
715 2994 757 3047 En
770 2991 825 3063 qud
839 2992 971 3047 discordia
987 2993 1062 3048 ciues
1116 2989 1119 2992 ’

371 3094 500 3150 Perduuir
514 3093 626 3147 miseros
640 3097 646 3147 !
659 3093 699 3144 En
712 3088 772 3161 quis
787 3088 956 3142 consevimus
972 3091 1069 3159 agros!

373 3193 460 3248 Insere
471 3208 558 3251 nune,
569 3188 801 3257 Meliboee,piros
812 3222 819 3247 ‚
831 3203 903 3256 pone
915 3186 1010 3239 ordine
1019 3187 1103 3243 vites.

330 3286 362 3338 75
374 3294 411 3345 lte
425 3288 589 3355 meae,se1ix
604 3284 738 3358 quondim
753 3300 836 3357 perus
846 3322 856 3352 ,
868 3283 905 3339 ite
918 3285 1039 3354 sepellre.
1086 3289 1090 3295 '
