2859 4325
391 663 470 746 ¹50
590 629 928 715 AErvamos

424 783 502 849 Musa
513 794 597 860 ,mihi
606 795 695 850 causas
706 812 845 861 memora,
856 813 913 866 quo
924 793 1039 851 nurnine
1051 794 1138 863 iaso,

389 893 498 961 Quidve
513 894 606 947 dolens
619 931 628 958 ,
643 892 748 964 Regina
761 892 839 947 deum
855 907 897 946 tot
912 896 1030 948 volvere
1045 895 1122 951 castrt

345 995 381 1040 ιο
391 989 520 1060 lnfignenr
535 988 635 1058 pietate
652 989 761 1055 virum,
777 1004 820 1043 tot
834 988 906 1044 adire
922 991 1031 1045 labores

390 1086 546 1157 Impulerit:
564 1100 680 1141 tantaene
693 1084 790 1139 animis
806 1085 958 1140 coelestibus
975 1084 1043 1142 ira!

426 1183 497 1238 Urbs
511 1181 621 1252 antiquit
636 1181 686 1235 fuit
702 1180 803 1251 (Tyrii
820 1180 932 1234 tenuere
949 1182 1095 1250 coloni3)

344 1277 349 1284 ’
391 1277 663 1350 Cartha'gn,1taliam
682 1292 773 1332 contra
788 1277 971 1348 Tiberinaque
989 1277 1077 1349 longe

392 1374 486 1439 Ostia,
500 1375 576 1430 dives
593 1391 694 1444 opum,
710 1373 852 1444 studiisque
868 1375 1016 1444 asperrima
1031 1375 1119 1430 bellir

352 1486 383 1537 15
395 1473 484 1540 Quam
499 1474 572 1528 Junn
587 1474 670 1526 fertur
687 1471 766 1526 terris
780 1471 866 1544 magis
882 1472 1011 1527 omnibus
1027 1491 1112 1528 unarn

396 1569 543 1624 Posthabiti
557 1568 666 1624 coluifl'e
682 1570 784 1632 Samo·,
799 1571 844 1624 hic
859 1570 934 1625 illius
950 1588 1045 1636 arma,

397 1666 447 1721 ch
459 1684 550 1721 currus
565 1667 634 1723 fuit:
652 1668 706 1721 hoc
722 1684 835 1737 regnum
851 1668 912 1721 Dea
930 1669 1058 1737 gentibus
1075 1669 1148 1732 effe,

398 1765 428 1818 si
442 1764 493 1835 qua
509 1767 572 1818 Fara
586 1765 691 1828 linant,
705 1762 761 1830 iam
777 1779 834 1818 tum
851 1764 992 1835 tenditque
1007 1767 1152 1838 fovetque«

399 1863 559 1933 Progeniem
573 1863 617 1916 sed
634 1862 707 1915 enim
722 1860 842 1928 Trojano
860 1878 876 1914 a
892 1861 1023 1933 sanguine
1041 1863 1105 1919 duci

356 1981 391 2019 20
404 1960 547 2024 Audierat,
562 1960 661 2031 Tyrias
678 1957 745 2012 olim
762 1976 819 2029 quae
836 1973 956 2013 verteret
972 1977 1068 2023 arces;

402 2059 473 2113 Hinc
490 2061 619 2128 populum
634 2056 688 2111 late
703 2073 792 2127 regem
801 2093 810 2121 ‚
825 2056 951 2126 belloque
968 2052 1136 2127 superbum,

401 2161 555 2213 Venturum
568 2154 677 2210 excidio
694 2154 805 2224 Libyae:
823 2152 858 2206 fic
872 2155 988 2208 volvere
1006 2156 1111 2211 Parcas.

403 2258 432 2309 ld
447 2270 584 2318 metuens,
602 2253 756 2333 veterisque
771 2268 875 2305 memor
893 2253 1016 2307 Saturnia
1033 2255 1117 2315 belli,

404 2354 491 2407 Prima
509 2354 580 2421 quod
596 2352 628 2404 ad
642 2349 752 2415 Troiam
771 2364 821 2417 pro
840 2347 907 2401 caris
925 2348 1037 2419 gefferat
1054 2352 1156 2423 Argisz

362 2469 394 2520 ²5
405 2453 526 2505 Necdum
542 2450 624 2503 etiam
640 2448 721 2502 enulae
738 2447 836 2500 irarum
853 2447 972 2517 saevique
988 2450 1100 2503 dolores

406 2549 564 2603 Exciderant
579 2548 691 2608 animo,
708 2562 798 2600 maner
814 2544 867 2599 alti
884 2561 976 2599 mente
993 2546 1134 2617 repostum

407 2645 542 2702 Iudicium
559 2645 679 2706 Paridis,
695 2645 844 2715 spretaeque
862 2642 961 2712 injuria
978 2644 1095 2712 iormae,

408 2745 442 2796 Et
458 2760 541 2814 genus
553 2740 688 2807 invisum,
704 2742 731 2794 ἃ
745 2741 815 2810 rapti
829 2742 999 2812 Ganymedis
1015 2743 1137 2799 honores
1150 2761 1160 2803 t

409 2840 462 2895 His
478 2839 584 2895 accensa
597 2838 694 2908 super,
709 2836 822 2904 {adlatos
839 2855 948 2907 aequore
968 2852 1030 2893 toto

366 2941 496 3013 goTroas
507 2976 515 3003 ‚
528 2934 663 3006 relliquias
673 2935 797 3003 Danaum
811 2948 890 3004 atque
902 2934 1017 2989 immitis
1032 2938 1146 3004 Achilli,

414 3037 525 3089 Arcebat
540 3016 623 3103 longe
642 3032 737 3085 Lario:
756 3032 907 3100 multosque
923 3049 972 3100 per
989 3051 1079 3088 annos

413 3133 539 3185 Errabant
554 3130 606 3184 acri
622 3108 700 3183 Fatis'
710 3126 793 3181 maria
812 3128 904 3180 omnia
922 3127 1035 3185 circum.

414 3230 508 3283 Tanrae
524 3229 604 3283 molis
618 3242 673 3281 erar
690 3228 838 3280 Romanam
855 3227 971 3280 condere
987 3242 1097 3298 gentem
1118 3233 1128 3288 l

452 3326 538 3382 Vixe
554 3325 697 3397 conspeliu
714 3324 808 3381 Siculae
824 3324 927 3379 telluris
945 3324 975 3379 'm
991 3326 1077 3381 altum
