2859 4325
397 654 1143 675 mm

420 752 1124 848 ARGUMENTUM

514 917 701 993 moui
750 915 1023 1040 QUIN‘t-t.
1111 1032 1119 1040 .

393 1055 744 1194 AEnrus‚ezityu¹
758 1112 911 1175 inltalian
923 1116 1138 1198 nauigandu-

388 1196 490 1286 fleiiere
503 1199 531 1255 in
548 1197 672 1256 Siciliam
686 1201 714 1256 ui
731 1196 888 1276 tempestatis
906 1199 1029 1278 cogitur,
1048 1202 1094 1259 ubi
1108 1200 1137 1258 ab

393 1286 487 1365 Aceste
509 1275 625 1358 Trojano
646 1277 767 1336 beneuoll
789 1291 915 1355 exceptus
928 1297 943 1348 ,·
956 1281 1053 1358 patri,
1071 1303 1137 1360 quen

390 1365 448 1426 illie
462 1362 596 1447 superiore
621 1378 691 1419 anno
717 1378 786 1417 mors
804 1357 948 1437 abstulerat
958 1401 970 1429 ,
989 1361 1139 1442 anniversa.

390 1447 457 1505 riunt
475 1443 588 1505 celebrat
600 1439 729 1518 sacrun,
746 1437 870 1518 ludosque
886 1456 1021 1518 quotuor,
1041 1445 1137 1522 curfiou

390 1526 513 1590 naualem
526 1565 537 1593 ‚
551 1542 584 1582 at
597 1522 755 1601 pedestrem,
773 1521 882 1602 cestuum
897 1540 1039 1601 pugnant,
1053 1523 1137 1605 fingit·

391 1626 477 1668 tarurn
506 1601 706 1683 ejaculationern
729 1643 738 1667 .
765 1601 860 1680 quibus
889 1602 967 1660 addit
1003 1606 1137 1692 Ascanius

390 1691 525 1769 equestrem
549 1686 626 1742 detur
640 1704 692 1742 unt.
719 1681 825 1740 Interim
849 1678 973 1757 Trojano
1000 1686 1136 1754 mulieres,

390 1769 505 1833 Iunonis
524 1764 608 1846 impul
620 1785 658 1841 u,
675 1765 782 1826 hortatu
803 1761 883 1821 Iridis
898 1805 909 1835 ,
927 1763 1007 1825 tudio
1026 1768 1137 1848 naviga·

391 1852 499 1920 tionis,
523 1847 665 1908 incendunt
686 1863 787 1907 naues:
807 1863 917 1923 quarum
938 1862 1054 1924 quatuor
1071 1867 1135 1906 exu-

390 1944 503 2000 runtur,
519 1945 608 1987 cetera
625 1924 743 2006 inrnissui
759 1948 777 1984 a
795 1924 863 1986 Jove
876 1923 978 2005 plurib
990 1925 1135 2006 seruntur.

393 2015 485 2091 Quare
497 2008 595 2087 suadet
610 2010 707 2067 AEnea
729 2009 855 2079 Nautes,
871 2023 924 2079 ut,
942 2013 1034 2077 awblo
1049 2009 1135 2090 secun

383 2090 512 2175 juvenum
522 2090 593 2168 flore
603 2129 614 2159 ‚
624 2086 702 2168 senes
714 2108 749 2149 ae
766 2087 884 2149 mulieres
898 2088 928 2145 in
944 2089 1046 2153 Sicilia
1063 2091 1136 2150 relin-

390 2169 631 2254 quantumin
654 2169 788 2250 confilium
810 2167 944 2249 Anchises
963 2172 993 2229 in
1009 2171 1135 2253 fhnnist

389 2257 507 2334 idemque
519 2249 617 2331 fitadet
633 2251 755 2323 AEneae‚
778 2267 807 2309 ut
829 2271 865 2331 ap
884 2249 957 2329 ulfus
980 2252 1010 2309 in
1029 2255 1134 2313 ltaliarn

390 2339 470 2406 adeat
480 2332 613 2413 Sibyllam
624 2353 637 2403 ,·
647 2332 728 2410 eique
740 2334 804 2393 duce
816 2272 956 2417 defindat
968 2335 1009 2392 ad
1020 2333 1117 2414 Infiros
1124 2377 1134 2404 ,

390 2420 436 2477 ubi
450 2419 606 2499 posterorum
619 2412 713 2497 Jiriern
730 2412 758 2471 b
772 2430 878 2472 euentus
895 2414 1039 2474 docebitur.
1055 2418 1133 2475 Paret

390 2504 497 2566 AEneas
514 2497 600 2577 patris
613 2496 742 2564 monitis,
759 2493 906 2553 &conditui
920 2496 949 2551 in
965 2496 1066 2556 Sicitil
1075 2498 1132 2556 urbe

390 2580 492 2659 Atelli
501 2623 512 2648 ,
529 2578 656 2656 Neptuno
674 2597 723 2657 per
735 2578 856 2635 Venerem
874 2577 1039 2649 conciliato,
1053 2577 1134 2660 fhluit

391 2664 420 2723 in
437 2660 564 2721 ltaliam:
581 2678 632 2737 quo
648 2659 675 2732 in
693 2656 769 2736 curfit
787 2658 934 2720 Palinurus
949 2662 1030 2718 nauis
1048 2662 1134 2742 guber-

390 2759 469 2803 notor
482 2740 610 2799 dormiens
628 2740 662 2795 in¹
673 2760 743 2806 mare
759 2739 900 2798 excutitur.
919 2740 1084 2799 Delineotus
1103 2741 1133 2821 esl

389 2826 434 2884 ltic
455 2824 521 2881 liber
539 2823 577 2880 ad
594 2820 738 2899 exemplum
754 2820 816 2879 libri
835 2820 915 2879 Iliad.
937 2841 968 2901 23
990 2865 999 2893 ,
1016 2824 1062 2881 ubi
1080 2822 1133 2889 ludi

389 2907 424 2975 ab
438 2903 549 2968 Achille
563 2904 602 2968 ad
616 2902 743 2963 tumulum
764 2902 887 2965 Patrocli
904 2901 1077 2973 celebrantur.

671 3104 849 3228 Q
900 3138 903 3143 ,

671 3228 848 3250 *tt-tuq„-
