2859 4325
429 631 509 711 288
634 614 984 700 AEumnos'

437 789 488 843 Ilia
499 787 588 839 Notos
599 792 678 848 atque
688 791 746 830 atra
758 777 856 829 volans
868 773 900 829 in
911 777 1009 832 nubila
1019 775 1099 852 fugit.

439 885 510 936 Tum
520 877 624 945 rapidus
631 872 684 938 iant
693 872 794 951 dudum
802 887 866 924 arcu
875 887 1012 926 contenta
1021 885 1114 943 parato

440 977 505 1030 Tela
511 987 618 1033 tenent,
627 969 735 1022 fratrem
743 966 879 1036 Eurytion
885 966 994 1022 innota
1001 968 1126 1032 vocarit,

388 1073 498 1141 rislam
508 1083 596 1121 vacuo
606 1068 695 1119 latam
707 1067 781 1116 toelo
791 1062 963 1132 speenuusc
977 1067 1005 1118 δι
1016 1065 1068 1120 alis

439 1166 612 1220 Plaudentetn
623 1159 699 1232 nigri
712 1158 772 1229 figit
782 1159 831 1212 sub
842 1161 914 1213 nu&
925 1161 1092 1215 columbam.

438 1262 548 1318 Decidit
558 1256 690 1312 exanimis
701 1294 710 1320 ‚
720 1255 857 1324 vitantque
867 1254 983 1326 reliquit
995 1257 1025 1309 in
1037 1255 1107 1310 auris

437 1359 591 1416 AEtberris,
605 1354 740 1422 fixamque
754 1351 835 1405 resert
850 1353 957 1422 delapsa
972 1353 1105 1426 sagittant.

439 1455 546 1510 Amissi
559 1455 630 1508 solus
646 1448 733 1520 palmi
746 1449 888 1516 superabat
904 1447 1032 1503 Acesten

390 1552 499 1623 520Qui
510 1568 599 1605 tamen
611 1548 694 1603 airias
706 1547 791 1599 telum
801 1545 945 1599 contendit
955 1544 985 1597 in
997 1561 1090 1610 auras,

443 1650 586 1705 ostentans
597 1658 733 1713 artemque
744 1657 818 1711 pater
827 1657 975 1712 arcumque
985 1643 1127 1698 sonanten.

442 1748 496 1800 liic
504 1742 590 1799 oculis
599 1738 687 1794 subitb
695 1737 823 1804 objicitur
831 1753 987 1808 magnoque
995 1740 1108 1792 futurum

444 1840 566 1910 Augurio
575 1835 722 1891 monstrum
732 1853 740 1887 ε
752 1833 845 1887 docuit
855 1831 915 1902 post
926 1833 1019 1888 exitus
1031 1833 1134 1905 ingens

443 1938 558 2004 Setaque
575 1932 686 1988 terrifici
701 1930 857 1984 cecinerunt
872 1929 965 1984 omina
980 1944 1068 1985 vates·

391 2025 816 2100 525Namquevoiansiiquidisin
823 2026 936 2079 nubibus
942 2026 1002 2080 arfit
1008 2025 1119 2086 arundo,

441 2125 617 2195 signavitque
630 2124 702 2177 viam
714 2123 848 2186 flammis,
859 2124 1005 2195 tenuesque
1016 2120 1115 2178 receffit

441 2221 606 2288 Consumpta
617 2219 646 2271 in
658 2237 756 2272 ventos
766 2239 774 2273 ε
786 2224 859 2273 coelo
868 2237 919 2273 ceu
929 2219 1002 2289 sape
1014 2218 1097 2273 refixa

441 2319 634 2371 Transcurrunt
642 2316 925 2385 crinemquevolantia
932 2316 1015 2371 sidera
1023 2320 1126 2371 ducunt.

442 2413 573 2468 Attonitis
584 2413 681 2466 baesere
692 2413 786 2465 anisnis
796 2449 805 2472 ,
816 2414 983 2483 superosque
996 2414 1096 2483 precati

388 2511 572 2583 530Trinacrii
581 2510 730 2578 Teucrique
741 2509 809 2563 viri:
818 2527 867 2564 nec
877 2512 1013 2567 maximus
1023 2528 1104 2565 onten

440 2607 540 2660 Abnuit
555 2606 652 2658 AEneas
662 2623 671 2665 3
681 2605 725 2658 sed
734 2608 823 2659 laetum
835 2611 976 2677 amplexus
988 2610 1098 2664 Acesten
1113 2609 1115 2615 ’

439 2701 596 2757 Muneribus
612 2703 728 2752 cumulat
743 2703 864 2770 magnis,
879 2720 909 2756 ac
925 2705 989 2758 talia
1004 2706 1091 2760 fatur:

438 2801 519 2853 Sume
527 2832 535 2857 ,
543 2811 629 2864 pater:
640 2813 700 2847 nam
707 2810 733 2847 te
740 2798 829 2849 voluit
836 2797 895 2851 Rex
902 2816 1015 2870 magnus
1025 2798 1138 2873 Olympi

438 2893 545 2946 Talibus
556 2891 680 2959 auspiciis
694 2893 829 2945 exsortem
840 2895 936 2948 ducere
946 2895 1078 2954 honores.

386 3006 398 3059 ς
405 3007 417 3059 3
426 2990 521 3057 5Ipfius
530 2990 647 3042 Anchisa
655 2991 772 3058 longavi
781 2993 832 3043 hoc
842 3008 937 3045 munus
946 2995 1058 3049 habebis
1071 3029 1080 3058 ‚

439 3085 547 3137 Cratera
558 3084 709 3153 impressum
719 3086 797 3155 fignis
807 3124 815 3150 ‚
825 3104 903 3156 quent
913 3090 1046 3146 Thracius
1056 3092 1122 3147 olim

439 3181 561 3234 Anchisa
571 3181 685 3249 genitori
695 3183 724 3235 in
733 3200 831 3254 magno
841 3202 952 3241 munere
964 3190 1069 3247 eiffeus

316 3304 325 3314 -
438 3275 676 3336 Fertesuidedcrat
685 3294 889 3338 monumentum
900 3283 1038 3357 &pignus
1047 3288 1155 3345 amoris.

1131 3386 1172 3441 Sic
