2859 4325
556 670 609 719 tu
637 654 848 719 AEuurve
993 656 1058 741 3⁶l-

330 761 419 830 legitur
432 761 457 815 in
472 761 563 816 Medic.
579 770 604 815 δι
620 763 675 814 cod.
689 765 749 831 Reg.
766 763 806 813 Χῖ.
818 779 838 812 r.
854 773 881 812 ut
894 756 969 811 etiam'
982 763 1007 810 in
1022 762 1054 811 A.

328 834 349 885 B
360 835 417 886 verd
427 839 498 887 habet
508 837 563 887 truie
570 854 625 888 curn
635 835 778 904 quibusdam
788 834 844 887 edd.
857 853 884 886 ac
894 832 949 885 mis.
961 832 1035 885 codd.

363 924 420 976 636.
437 919 539 966 Munera
555 917 708 983 letitiamque
727 916 769 966 dii.
789 917 827 966 Sic
847 913 976 980 legendum
996 929 1053 963 curn

327 988 409 1039 nostrl
431 989 470 1041 ed.
492 991 513 1042 A
530 1009 538 1050 3
557 1008 607 1041 non
623 991 673 1040 Dei
690 1025 698 1051 ,
719 1004 747 1040 ut
768 988 844 1055 vulgd
864 989 951 1054 legitur
973 991 1007 1037 lta
1025 1001 1053 1038 ut
1115 1032 1117 1036 .

327 1063 380 1113 Dei
393 1066 499 1115 sumatur
518 1081 562 1130 pro
579 1065 686 1123 Baccii3
702 1063 769 1130 quod
784 1080 850 1114 extra
863 1064 963 1126 lyricam
978 1060 1053 1113 auda-

327 1139 393 1189 ciam
409 1139 442 1187 est
451 1138 593 1199 insolitum,
604 1141 684 1204 iuquit
695 1138 729 1187 D.
743 1139 835 1201 Heyne.
850 1136 896 1188 Sed
906 1139 939 1188 dii
953 1140 1055 1204 ponitur,

326 1212 441 1263 hocloco
450 1227 494 1278 pro
504 1212 567 1272 diei,
578 1226 604 1261 ut
613 1215 780 1279 interpretatur
790 1213 900 1274 Gellius,
909 1214 1005 1264 testante
1015 1217 1053 1279 19.-

326 1291 356 1340 [ο
372 1290 405 1340 D.
421 1291 523 1355 Heyue:
537 1294 567 1340 Irr
581 1292 624 1340 illo
639 1290 728 1354 verfit,
743 1294 822 1358 inquit
839 1291 932 1342 Gellius
946 1292 990 1341 IX.
1011 1308 1051 1354 14·

327 1369 388 1419 nihil
403 1369 497 1420 dubium
512 1368 545 1433 esi
561 1371 615 1438 quiri
631 1370 665 1421 dii
676 1370 792 1436 serpserit
803 1386 847 1435 pro
864 1367 929 1420 diei:
948 1370 1051 1435 Munera

327 1445 484 1514 letitiamque
500 1446 554 1504 dii,
571 1450 634 1514 quod·
645 1447 794 1513 imperitiores
809 1446 856 1496 Dei
873 1448 949 1512 legunt
968 1444 996 1494 ab
1012 1447 1051 1495 irr-

320 1519 425 1583 solemia
434 1523 524 1584 scilicet
536 1521 600 1572 vocis
615 1520 680 1584 istius
695 1518 853 1585 abhorreant,
862 1518 896 1583 fic
912 1535 988 1568 aurem
998 1517 1050 1570 dier

325 1595 382 1652 dli,
403 1612 431 1645 ur
444 1598 559 1662 pernicies
575 1599 676 1662 pernicii
695 1631 703 1657 ,
722 1597 846 1662 progenies
863 1595 994 1660 progeni,
1013 1595 1051 1643 lu-

324 1678 404 1726 xuries
415 1675 520 1732 luxurii,
531 1693 547 1726 a
555 1673 668 1725 ventilas
677 1675 816 1724 declinatum
826 1671 865 1735 est.
877 1672 944 1724 Cod.
955 1671 1050 1723 Medic.

324 1753 429 1804 habebat
441 1752 535 1803 tantum
549 1754 594 1812 de,
613 1755 651 1801 cui
665 1751 778 1816 posterius
795 1752 805 1800 i
822 1751 868 1800 fuit
883 1749 994 1801 additum
1012 1752 1049 1800 al·

324 1830 377 1880 teri
388 1847 461 1880 mauu
472 1835 496 1881 δι
513 1831 590 1878 minio
604 1827 749 1894 adscriptum
761 1862 770 1888 ,
782 1825 847 1877 unde
857 1826 949 1894 irrepsit
958 1829 1008 1877 Dei
1022 1831 1049 1880 iu
1113 1885 1115 1890 ⁴

323 1904 411 1972 pollet.
423 1901 496 1955 codd.
507 1920 535 1953 ac
547 1900 602 1953 edd.
613 1903 642 1952 lu
652 1901 707 1952 cod.
719 1902 780 1968 Reg.
791 1895 831 1950 Xl.
841 1918 860 1950 s.
873 1901 951 1967 aperti
961 1902 1057 1968 legitur,

324 1986 351 2033 δι
371 1984 428 2033 totis
450 1982 555 2038 litteris,
573 1982 619 2031 diei
635 2016 644 2043 ‚
663 1985 743 2048 priore
759 1994 840 2030 tamen
856 1981 865 2030 i
882 1980 957 2031 alteri
973 1998 1048 2034 manu

322 2058 427 2110 radiato.
451 2061 519 2110 Hanc
540 2056 644 2125 denique
662 2059 792 2107 lediouem
816 2057 877 2120 dii,
898 2058 994 2124 prefert
1011 2059 1048 2110 D.

322 2131 408 2197 Heyne
420 2169 429 2194 ,
443 2148 471 2184 ut
485 2130 553 2184 unice
570 2149 670 2184 verume
684 2129 810 2198 primitur,
825 2130 893 2200 quud
907 2134 1047 2202 exquisitior

324 2214 350 2261 &
370 2212 533 2277 antiquiffimae
552 2210 582 2261 iit
601 2212 768 2271 auiioritrtir,
790 2226 842 2260 tum
859 2244 869 2272 ,
885 2212 953 2278 quod
968 2212 1046 2265 leniris

322 2286 449 2338 decurrit:
469 2289 572 2345 Mittit,
588 2290 688 2355 inquit,
709 2303 791 2339 tauros
806 2322 815 2349 ‚
827 2288 907 2350 sues,
925 2292 1046 2355 pecudes,

321 2379 415 2413 munere
435 2364 585 2429 letitiamque
605 2363 672 2418 diei,
692 2362 774 2430 quibus
793 2363 852 2413 diem
872 2379 922 2413 tem
938 2363 1046 2428 faustum

321 2458 350 2492 ee
360 2440 447 2505 festum
461 2442 634 2504 exhilararent,
651 2440 840 2509 utlrojpiralibut
855 2442 982 2506 donisfieri
993 2459 1045 2494 rurs

319 2538 379 2572 eret.

355 2606 410 2658 642.
428 2593 534 2661 Antiqua
552 2592 582 2643 ab
603 2594 690 2661 origine
708 2596 792 2662 gentis.
813 2596 852 2646 Sic
874 2596 962 2646 habent
984 2593 1042 2647 rod.

320 2669 413 2722 Medic.
430 2666 525 2719 &cod
540 2669 600 2735 Reg.
615 2670 686 2720 xrs.
704 2671 783 2721 uollra
799 2674 872 2721 etiam
886 2669 924 2721 ed.
940 2671 967 2721 B.
985 2688 1043 2739 pre·

320 2745 506 2815 feruntquidam
514 2746 622 2813 antiqui,
630 2745 697 2814 quod
707 2748 742 2797 sui
750 2751 823 2798 etiam
832 2763 928 2799 tuentur
936 2747 1041 2800 codicer.

300 2844 304 2848 ·
354 2832 411 2883 670.
427 2822 497 2870 Hunc
509 2820 622 2883 Plroenrffir
637 2836 697 2872 terret
708 2823 784 2872 Dido.
800 2821 948 2884 Quibusdam
962 2824 1042 2889 placet

319 2896 406 2948 melirlr
419 2913 496 2946 nunc:
514 2893 555 2946 sed
564 2897 622 2946 lunc
634 2898 724 2948 habent
736 2897 792 2949 cod.
809 2898 900 2950 Medic.
915 2898 971 2950 cod.
979 2902 1040 2968 Reg.

319 2974 361 3025 xl,
373 2989 393 3022 r.
407 2973 491 3023 nostre
507 2975 580 3024 etiam
596 2971 652 3026 edd.
669 2974 691 3025 A
708 2979 733 3025 &
750 2976 780 3027 Β.

353 3063 411 3115 706.
432 3052 480 3115 Qui
494 3053 591 3119 dapibus
606 3054 696 3120 menses
710 3054 801 3107 urrerem
814 3055 837 3109 (e
843 3060 930 3124 pocula
941 3072 1038 3125 ponent.

318 3131 359 3181 Sic
378 3127 465 3195 legitur
484 3128 524 3176 hic
540 3128 619 3180 versut
637 3132 663 3180 in
679 3129 736 3181 cod.
753 3131 844 3183 Medic.
860 3137 885 3184 ὁ(
900 3132 957 3185 cod.
976 3134 1049 3200 Regi.

317 3202 359 3258 xl.
372 3219 392 3254 r.
409 3202 504 3259 Multi,
519 3217 547 3254 ut
560 3206 644 3259 nostre
659 3209 733 3262 etiem
751 3206 807 3261 edd.
826 3208 847 3259 Α
863 3212 889 3259 &
906 3210 935 3265 Β.
949 3210 1039 3266 hebent

318 3297 412 3337 onerem
425 3284 451 3335 it
465 3297 563 3351 petunt.
666 3348 670 3355 ,

793 3359 877 3451 eiii
