<?xml version="1.0" encoding="UTF-8"?>
<!DOCTYPE html PUBLIC "-//W3C//DTD XHTML 1.0 Transitional//EN"
    "http://www.w3.org/TR/xhtml1/DTD/xhtml1-transitional.dtd">
<html xmlns="http://www.w3.org/1999/xhtml" xml:lang="en" lang="en">
 <head>
  <title>
</title>
<meta http-equiv="Content-Type" content="text/html;charset=utf-8" />
  <meta name='ocr-system' content='tesseract 3.04.00' />
  <meta name='ocr-capabilities' content='ocr_page ocr_carea ocr_par ocr_line ocrx_word'/>
</head>
<body>
  <div class='ocr_page' id='page_1' title='image "./publiivirgiliim00cappgoog/publiivirgiliim00cappgoog_0454.png"; bbox 0 0 2859 4325; ppageno 0'>
   <div class='ocr_carea' id='block_1_1' title="bbox 328 667 1041 836">
    <p class='ocr_par' dir='ltr' id='par_1_1' title="bbox 328 667 1041 836">
     <span class='ocr_line' id='line_1_1' title="bbox 328 667 783 752; baseline -0.011 -21"><span class='ocrx_word' id='word_1_1' title='bbox 328 667 389 752; x_wconf 77' lang='lat'>358</span> <span class='ocrx_word' id='word_1_2' title='bbox 608 669 642 730; x_wconf 87' lang='lat' dir='ltr'><em>N</em></span> <span class='ocrx_word' id='word_1_3' title='bbox 661 684 682 727; x_wconf 89' lang='grc' dir='ltr'><strong><em>ο</em></strong></span> <span class='ocrx_word' id='word_1_4' title='bbox 704 685 728 727; x_wconf 78' lang='lat' dir='ltr'>r</span> <span class='ocrx_word' id='word_1_5' title='bbox 749 684 783 727; x_wconf 69' lang='lat' dir='ltr'>m</span> 
     </span>
     <span class='ocr_line' id='line_1_2' title="bbox 329 766 1041 836; baseline -0.008 -12"><span class='ocrx_word' id='word_1_6' title='bbox 329 775 372 825; x_wconf 71' lang='lat' dir='ltr'>ari</span> <span class='ocrx_word' id='word_1_7' title='bbox 384 810 393 835; x_wconf 92' lang='lat'>,</span> <span class='ocrx_word' id='word_1_8' title='bbox 408 773 452 823; x_wconf 79' lang='lat' dir='ltr'>illo</span> <span class='ocrx_word' id='word_1_9' title='bbox 463 770 579 822; x_wconf 79' lang='lat' dir='ltr'>delubro:</span> <span class='ocrx_word' id='word_1_10' title='bbox 591 769 658 820; x_wconf 82' lang='lat' dir='ltr'>Mira</span> <span class='ocrx_word' id='word_1_11' title='bbox 668 770 786 836; x_wconf 72' lang='lat' dir='ltr'>profestd</span> <span class='ocrx_word' id='word_1_12' title='bbox 793 805 803 832; x_wconf 92' lang='lat'>,</span> <span class='ocrx_word' id='word_1_13' title='bbox 818 770 948 822; x_wconf 75' lang='lat' dir='ltr'>exclamat</span> <span class='ocrx_word' id='word_1_14' title='bbox 956 771 988 821; x_wconf 87' lang='lat' dir='ltr'>D.</span> <span class='ocrx_word' id='word_1_15' title='bbox 1001 766 1041 829; x_wconf 71' lang='lat' dir='ltr'>Hcy·</span> 
     </span>
    </p>
   </div>
   <div class='ocr_carea' id='block_1_2' title="bbox 323 844 1041 1911">
    <p class='ocr_par' dir='ltr' id='par_1_2' title="bbox 323 844 1041 1911">
     <span class='ocr_line' id='line_1_3' title="bbox 329 844 1041 911; baseline -0.013 -11"><span class='ocrx_word' id='word_1_16' title='bbox 329 867 382 911; x_wconf 89' lang='lat' dir='ltr'>ne,</span> <span class='ocrx_word' id='word_1_17' title='bbox 398 850 442 899; x_wconf 84' lang='lat' dir='ltr'>ista</span> <span class='ocrx_word' id='word_1_18' title='bbox 456 847 561 911; x_wconf 75' lang='lat' dir='ltr'>religio,</span> <span class='ocrx_word' id='word_1_19' title='bbox 582 859 609 893; x_wconf 88' lang='lat' dir='ltr'>ut</span> <span class='ocrx_word' id='word_1_20' title='bbox 626 845 786 910; x_wconf 79' lang='lat' dir='ltr'>sacrilegium</span> <span class='ocrx_word' id='word_1_21' title='bbox 804 844 999 904; x_wconf 71' lang='lat' dir='ltr'>commissurus,</span> <span class='ocrx_word' id='word_1_22' title='bbox 1013 845 1041 891; x_wconf 78' lang='lat' dir='ltr'>lu</span> 
     </span>
     <span class='ocr_line' id='line_1_4' title="bbox 330 920 1040 989; baseline -0.004 -12"><span class='ocrx_word' id='word_1_23' title='bbox 330 923 504 989; x_wconf 75' lang='lat' dir='ltr'>trari,lingui</span> <span class='ocrx_word' id='word_1_24' title='bbox 522 920 711 983; x_wconf 63' lang='grc' dir='ltr'>ᾱαιῖανινε,</span> <span class='ocrx_word' id='word_1_25' title='bbox 727 925 827 972; x_wconf 87' lang='lat' dir='ltr'>&amp;tum</span> <span class='ocrx_word' id='word_1_26' title='bbox 843 922 1040 975; x_wconf 74' lang='lat' dir='ltr'>fumuminfme,</span> 
     </span>
     <span class='ocr_line' id='line_1_5' title="bbox 329 1001 1039 1071; baseline 0 -18"><span class='ocrx_word' id='word_1_27' title='bbox 329 1003 456 1070; x_wconf 71' lang='lat' dir='ltr'>jubeatur!</span> <span class='ocrx_word' id='word_1_28' title='bbox 471 1002 503 1050; x_wconf 80' lang='lat' dir='ltr'>At</span> <span class='ocrx_word' id='word_1_29' title='bbox 517 1016 597 1049; x_wconf 89' lang='lat' dir='ltr'>nonne</span> <span class='ocrx_word' id='word_1_30' title='bbox 609 1003 701 1048; x_wconf 88' lang='lat' dir='ltr'>mirum</span> <span class='ocrx_word' id='word_1_31' title='bbox 715 1005 817 1063; x_wconf 90' lang='lat' dir='ltr'>etiam,</span> <span class='ocrx_word' id='word_1_32' title='bbox 832 1001 853 1052; x_wconf 78' lang='lat' dir='ltr'>fi</span> <span class='ocrx_word' id='word_1_33' title='bbox 869 1006 958 1071; x_wconf 75' lang='lat' dir='ltr'>Jubeor</span> <span class='ocrx_word' id='word_1_34' title='bbox 971 1013 1039 1053; x_wconf 68' lang='lat' dir='ltr'>taceri</span> 
     </span>
     <span class='ocr_line' id='line_1_6' title="bbox 330 1071 1040 1145; baseline 0.006 -20"><span class='ocrx_word' id='word_1_35' title='bbox 330 1080 453 1145; x_wconf 73' lang='lat' dir='ltr'>lingui&amp;</span> <span class='ocrx_word' id='word_1_36' title='bbox 474 1094 512 1126; x_wconf 82' lang='lat' dir='ltr'>ore</span> <span class='ocrx_word' id='word_1_37' title='bbox 526 1075 609 1138; x_wconf 74' lang='lat' dir='ltr'>favere</span> <span class='ocrx_word' id='word_1_38' title='bbox 626 1111 635 1136; x_wconf 91' lang='lat'>,</span> <span class='ocrx_word' id='word_1_39' title='bbox 654 1075 710 1125; x_wconf 83' lang='lat' dir='ltr'>cdm</span> <span class='ocrx_word' id='word_1_40' title='bbox 734 1079 845 1128; x_wconf 87' lang='lat' dir='ltr'>habeam</span> <span class='ocrx_word' id='word_1_41' title='bbox 863 1097 894 1129; x_wconf 83' lang='lat' dir='ltr'>os</span> <span class='ocrx_word' id='word_1_42' title='bbox 915 1071 1040 1145; x_wconf 74' lang='lat' dir='ltr'>plenmrd</span> 
     </span>
     <span class='ocr_line' id='line_1_7' title="bbox 323 1152 1041 1223; baseline -0.003 -19"><span class='ocrx_word' id='word_1_43' title='bbox 323 1157 430 1223; x_wconf 81' lang='lat' dir='ltr'>sparsum</span> <span class='ocrx_word' id='word_1_44' title='bbox 452 1152 533 1216; x_wconf 75' lang='lat' dir='ltr'>haustu</span> <span class='ocrx_word' id='word_1_45' title='bbox 549 1157 686 1219; x_wconf 80' lang='lat' dir='ltr'>aquarum?</span> <span class='ocrx_word' id='word_1_46' title='bbox 705 1152 815 1205; x_wconf 86' lang='lat' dir='ltr'>Videtur</span> <span class='ocrx_word' id='word_1_47' title='bbox 833 1173 897 1221; x_wconf 76' lang='lat' dir='ltr'>crgo</span> <span class='ocrx_word' id='word_1_48' title='bbox 914 1159 986 1221; x_wconf 75' lang='lat' dir='ltr'>magis</span> <span class='ocrx_word' id='word_1_49' title='bbox 1000 1164 1041 1200; x_wconf 70' lang='lat' dir='ltr'>coi·</span> 
     </span>
     <span class='ocr_line' id='line_1_8' title="bbox 328 1225 1040 1295; baseline -0.013 -15"><span class='ocrx_word' id='word_1_50' title='bbox 328 1235 428 1280; x_wconf 72' lang='lat' dir='ltr'>veniens</span> <span class='ocrx_word' id='word_1_51' title='bbox 440 1230 510 1278; x_wconf 70' lang='lat' dir='ltr'>lessio</span> <span class='ocrx_word' id='word_1_52' title='bbox 517 1227 594 1291; x_wconf 83' lang='lat' dir='ltr'>sedem</span> <span class='ocrx_word' id='word_1_53' title='bbox 609 1226 749 1293; x_wconf 71' lang='lat' dir='ltr'>angustaret,</span> <span class='ocrx_word' id='word_1_54' title='bbox 766 1246 846 1295; x_wconf 87' lang='lat' dir='ltr'>quam</span> <span class='ocrx_word' id='word_1_55' title='bbox 859 1247 959 1281; x_wconf 88' lang='lat' dir='ltr'>tuentur</span> <span class='ocrx_word' id='word_1_56' title='bbox 969 1245 994 1277; x_wconf 81' lang='lat' dir='ltr'>ex</span> <span class='ocrx_word' id='word_1_57' title='bbox 1005 1225 1040 1290; x_wconf 82' lang='lat' dir='ltr'>ipso</span> 
     </span>
     <span class='ocr_line' id='line_1_9' title="bbox 329 1302 1040 1372; baseline 0.001 -14"><span class='ocrx_word' id='word_1_58' title='bbox 329 1307 364 1358; x_wconf 90' lang='lat' dir='ltr'>D.</span> <span class='ocrx_word' id='word_1_59' title='bbox 381 1309 489 1372; x_wconf 80' lang='lat' dir='ltr'>Heyne,</span> <span class='ocrx_word' id='word_1_60' title='bbox 506 1306 605 1371; x_wconf 83' lang='lat' dir='ltr'><strong>plurimi</strong></span> <span class='ocrx_word' id='word_1_61' title='bbox 624 1302 698 1354; x_wconf 88' lang='lat' dir='ltr'>codd.</span> <span class='ocrx_word' id='word_1_62' title='bbox 721 1305 821 1357; x_wconf 86' lang='lat' dir='ltr'>scilicet</span> <span class='ocrx_word' id='word_1_63' title='bbox 841 1309 920 1359; x_wconf 88' lang='lat' dir='ltr'>Rom.</span> <span class='ocrx_word' id='word_1_64' title='bbox 938 1325 989 1358; x_wconf 87' lang='lat' dir='ltr'>cum</span> <span class='ocrx_word' id='word_1_65' title='bbox 1004 1304 1040 1352; x_wconf 65' lang='lat'>151⁵</span> 
     </span>
     <span class='ocr_line' id='line_1_10' title="bbox 330 1381 1039 1452; baseline -0.004 -17"><span class='ocrx_word' id='word_1_66' title='bbox 330 1385 427 1446; x_wconf 82' lang='lat' dir='ltr'>Pierii,</span> <span class='ocrx_word' id='word_1_67' title='bbox 449 1388 555 1451; x_wconf 90' lang='lat' dir='ltr'>quinque</span> <span class='ocrx_word' id='word_1_68' title='bbox 572 1381 636 1448; x_wconf 90' lang='lat' dir='ltr'>apud</span> <span class='ocrx_word' id='word_1_69' title='bbox 653 1383 788 1432; x_wconf 75' lang='lat' dir='ltr'><strong>Burmann.</strong></span> <span class='ocrx_word' id='word_1_70' title='bbox 813 1388 855 1434; x_wconf 83' lang='lat' dir='ltr'>sex</span> <span class='ocrx_word' id='word_1_71' title='bbox 877 1384 943 1452; x_wconf 87' lang='lat' dir='ltr'>apud</span> <span class='ocrx_word' id='word_1_72' title='bbox 963 1383 1039 1435; x_wconf 73' lang='lat' dir='ltr'>Mam</span> 
     </span>
     <span class='ocr_line' id='line_1_11' title="bbox 330 1457 1039 1526; baseline -0.01 -17"><span class='ocrx_word' id='word_1_73' title='bbox 330 1475 431 1526; x_wconf 88' lang='lat' dir='ltr'>uterque</span> <span class='ocrx_word' id='word_1_74' title='bbox 447 1461 595 1516; x_wconf 80' lang='lat' dir='ltr'>Gothanus,</span> <span class='ocrx_word' id='word_1_75' title='bbox 614 1473 641 1507; x_wconf 86' lang='lat' dir='ltr'>ac</span> <span class='ocrx_word' id='word_1_76' title='bbox 659 1457 770 1522; x_wconf 83' lang='lat' dir='ltr'>plurimae</span> <span class='ocrx_word' id='word_1_77' title='bbox 792 1475 912 1524; x_wconf 65' lang='lat' dir='ltr'>praterea</span> <span class='ocrx_word' id='word_1_78' title='bbox 930 1458 982 1510; x_wconf 68' lang='lat' dir='ltr'>edd.</span> <span class='ocrx_word' id='word_1_79' title='bbox 996 1468 1039 1507; x_wconf 79' lang='lat' dir='ltr'>vett</span> 
     </span>
     <span class='ocr_line' id='line_1_12' title="bbox 330 1533 1039 1605; baseline -0.004 -17"><span class='ocrx_word' id='word_1_80' title='bbox 330 1539 408 1605; x_wconf 76' lang='lat' dir='ltr'>qualia</span> <span class='ocrx_word' id='word_1_81' title='bbox 422 1537 501 1587; x_wconf 80' lang='lat' dir='ltr'>nostra</span> <span class='ocrx_word' id='word_1_82' title='bbox 513 1537 552 1595; x_wconf 78' lang='lat' dir='ltr'>A,</span> <span class='ocrx_word' id='word_1_83' title='bbox 568 1538 593 1584; x_wconf 74' lang='grc' dir='ltr'>δι</span> <span class='ocrx_word' id='word_1_84' title='bbox 608 1538 681 1584; x_wconf 85' lang='lat' dir='ltr'>etiam</span> <span class='ocrx_word' id='word_1_85' title='bbox 696 1533 754 1585; x_wconf 82' lang='lat' dir='ltr'>Aldi</span> <span class='ocrx_word' id='word_1_86' title='bbox 775 1550 812 1586; x_wconf 69' lang='grc' dir='ltr'>ιι.</span> <span class='ocrx_word' id='word_1_87' title='bbox 831 1543 858 1589; x_wconf 82' lang='lat'>&amp;</span> <span class='ocrx_word' id='word_1_88' title='bbox 875 1553 912 1603; x_wconf 78' lang='lat'>3⁸.</span> <span class='ocrx_word' id='word_1_89' title='bbox 928 1556 970 1589; x_wconf 78' lang='lat' dir='ltr'>nec</span> <span class='ocrx_word' id='word_1_90' title='bbox 984 1533 1039 1591; x_wconf 79' lang='lat' dir='ltr'>sani,</span> 
     </span>
     <span class='ocr_line' id='line_1_13' title="bbox 330 1605 1038 1679; baseline -0.013 -16"><span class='ocrx_word' id='word_1_91' title='bbox 330 1615 453 1679; x_wconf 74' lang='lat' dir='ltr'>subjungit</span> <span class='ocrx_word' id='word_1_92' title='bbox 474 1609 539 1659; x_wconf 83' lang='lat' dir='ltr'>idem</span> <span class='ocrx_word' id='word_1_93' title='bbox 555 1609 599 1658; x_wconf 83' lang='lat' dir='ltr'>vir</span> <span class='ocrx_word' id='word_1_94' title='bbox 616 1608 689 1656; x_wconf 75' lang='lat' dir='ltr'>Dost.</span> <span class='ocrx_word' id='word_1_95' title='bbox 712 1610 761 1657; x_wconf 88' lang='lat' dir='ltr'>hoc</span> <span class='ocrx_word' id='word_1_96' title='bbox 780 1613 950 1677; x_wconf 79' lang='lat' dir='ltr'>incongruum</span> <span class='ocrx_word' id='word_1_97' title='bbox 969 1605 1038 1658; x_wconf 84' lang='lat' dir='ltr'>autab</span> 
     </span>
     <span class='ocr_line' id='line_1_14' title="bbox 331 1685 1040 1757; baseline -0.013 -16"><span class='ocrx_word' id='word_1_98' title='bbox 331 1694 414 1757; x_wconf 75' lang='lat' dir='ltr'>apibus</span> <span class='ocrx_word' id='word_1_99' title='bbox 429 1688 541 1737; x_wconf 84' lang='lat' dir='ltr'>alienum.</span> <span class='ocrx_word' id='word_1_100' title='bbox 558 1685 618 1746; x_wconf 80' lang='lat' dir='ltr'>Quae</span> <span class='ocrx_word' id='word_1_101' title='bbox 635 1686 766 1750; x_wconf 90' lang='lat' dir='ltr'>sequuntur</span> <span class='ocrx_word' id='word_1_102' title='bbox 782 1687 869 1737; x_wconf 76' lang='lat' dir='ltr'>multi&gt;</span> <span class='ocrx_word' id='word_1_103' title='bbox 887 1689 962 1755; x_wconf 83' lang='lat' dir='ltr'>pluris</span> <span class='ocrx_word' id='word_1_104' title='bbox 973 1685 1040 1735; x_wconf 78' lang='lat' dir='ltr'>hibent</span> 
     </span>
     <span class='ocr_line' id='line_1_15' title="bbox 328 1762 1039 1833; baseline -0.008 -15"><span class='ocrx_word' id='word_1_105' title='bbox 328 1765 496 1833; x_wconf 79' lang='lat' dir='ltr'>impedimenti</span> <span class='ocrx_word' id='word_1_106' title='bbox 513 1782 521 1823; x_wconf 87' lang='lat'>;</span> <span class='ocrx_word' id='word_1_107' title='bbox 537 1778 565 1812; x_wconf 89' lang='lat' dir='ltr'>ac</span> <span class='ocrx_word' id='word_1_108' title='bbox 580 1762 659 1811; x_wconf 85' lang='lat' dir='ltr'>obstat</span> <span class='ocrx_word' id='word_1_109' title='bbox 676 1766 703 1811; x_wconf 92' lang='lat' dir='ltr'>in</span> <span class='ocrx_word' id='word_1_110' title='bbox 720 1765 806 1827; x_wconf 77' lang='lat' dir='ltr'>primis</span> <span class='ocrx_word' id='word_1_111' title='bbox 822 1764 888 1814; x_wconf 84' lang='lat' dir='ltr'>istud</span> <span class='ocrx_word' id='word_1_112' title='bbox 909 1763 1039 1830; x_wconf 75' lang='lat' dir='ltr'>participium</span> 
     </span>
     <span class='ocr_line' id='line_1_16' title="bbox 324 1837 1040 1911; baseline -0.006 -22"><span class='ocrx_word' id='word_1_113' title='bbox 324 1842 446 1911; x_wconf 57' lang='lat' dir='ltr'>sparsum</span> <span class='ocrx_word' id='word_1_114' title='bbox 468 1839 600 1889; x_wconf 84' lang='lat' dir='ltr'>constanter</span> <span class='ocrx_word' id='word_1_115' title='bbox 622 1841 688 1886; x_wconf 89' lang='lat' dir='ltr'>enim</span> <span class='ocrx_word' id='word_1_116' title='bbox 711 1837 801 1902; x_wconf 80' lang='lat' dir='ltr'>legitur</span> <span class='ocrx_word' id='word_1_117' title='bbox 824 1839 925 1906; x_wconf 79' lang='lat' dir='ltr'>sparsus</span> <span class='ocrx_word' id='word_1_118' title='bbox 950 1848 1040 1906; x_wconf 69' lang='lat' dir='ltr'>aquam</span> 
     </span>
    </p>
   </div>
   <div class='ocr_carea' id='block_1_3' title="bbox 286 1908 1082 1988">
    <p class='ocr_par' dir='ltr' id='par_1_3' title="bbox 286 1908 1082 1988">
     <span class='ocr_line' id='line_1_17' title="bbox 286 1908 1082 1988; baseline -0.009 -18"><span class='ocrx_word' id='word_1_119' title='bbox 286 1945 293 1960; x_wconf 89' lang='lat'><strong>·</strong></span> <span class='ocrx_word' id='word_1_120' title='bbox 331 1918 399 1988; x_wconf 87' lang='lat' dir='ltr'>quod</span> <span class='ocrx_word' id='word_1_121' title='bbox 423 1922 562 1986; x_wconf 83' lang='lat' dir='ltr'>neutiquam</span> <span class='ocrx_word' id='word_1_122' title='bbox 584 1915 650 1984; x_wconf 84' lang='lat' dir='ltr'>poffe</span> <span class='ocrx_word' id='word_1_123' title='bbox 671 1915 785 1968; x_wconf 83' lang='lat' dir='ltr'>viderunt</span> <span class='ocrx_word' id='word_1_124' title='bbox 808 1923 987 1985; x_wconf 87' lang='lat' dir='ltr'>interpretari,</span> <span class='ocrx_word' id='word_1_125' title='bbox 1008 1908 1039 1964; x_wconf 78' lang='lat' dir='ltr'>nifi</span> <span class='ocrx_word' id='word_1_126' title='bbox 1078 1956 1082 1973; x_wconf 80' lang='grc'><strong>,</strong></span> 
     </span>
    </p>
   </div>
   <div class='ocr_carea' id='block_1_4' title="bbox 331 1992 1040 2064">
    <p class='ocr_par' dir='ltr' id='par_1_4' title="bbox 331 1992 1040 2064">
     <span class='ocr_line' id='line_1_18' title="bbox 331 1992 1040 2064; baseline -0.004 -18"><span class='ocrx_word' id='word_1_127' title='bbox 331 1995 534 2054; x_wconf 79' lang='lat' dir='ltr'>transformetur,</span> <span class='ocrx_word' id='word_1_128' title='bbox 550 1993 588 2044; x_wconf 80' lang='lat' dir='ltr'>vel</span> <span class='ocrx_word' id='word_1_129' title='bbox 598 1992 693 2058; x_wconf 65' lang='lat' dir='ltr'>poetici</span> <span class='ocrx_word' id='word_1_130' title='bbox 703 1992 774 2058; x_wconf 76' lang='lat' dir='ltr'>copii</span> <span class='ocrx_word' id='word_1_131' title='bbox 785 2028 794 2053; x_wconf 91' lang='lat'>,</span> <span class='ocrx_word' id='word_1_132' title='bbox 806 1995 848 2064; x_wconf 74' lang='lat' dir='ltr'>vel</span> <span class='ocrx_word' id='word_1_133' title='bbox 864 2011 906 2060; x_wconf 89' lang='lat' dir='ltr'>per</span> <span class='ocrx_word' id='word_1_134' title='bbox 919 1996 1040 2058; x_wconf 65' lang='lat' dir='ltr'>syncopen,</span> 
     </span>
    </p>
   </div>
   <div class='ocr_carea' id='block_1_5' title="bbox 329 2070 1083 2215">
    <p class='ocr_par' dir='ltr' id='par_1_5' title="bbox 329 2070 1083 2215">
     <span class='ocr_line' id='line_1_19' title="bbox 330 2070 1083 2138; baseline -0.009 -15"><span class='ocrx_word' id='word_1_135' title='bbox 330 2078 357 2123; x_wconf 85' lang='lat' dir='ltr'>in</span> <span class='ocrx_word' id='word_1_136' title='bbox 367 2073 500 2138; x_wconf 73' lang='lat' dir='ltr'>spargens,</span> <span class='ocrx_word' id='word_1_137' title='bbox 516 2074 670 2136; x_wconf 81' lang='lat' dir='ltr'>participium</span> <span class='ocrx_word' id='word_1_138' title='bbox 683 2089 728 2136; x_wconf 86' lang='lat' dir='ltr'>pro</span> <span class='ocrx_word' id='word_1_139' title='bbox 743 2075 895 2138; x_wconf 87' lang='lat' dir='ltr'>participio,</span> <span class='ocrx_word' id='word_1_140' title='bbox 912 2087 940 2122; x_wconf 90' lang='lat' dir='ltr'>ut</span> <span class='ocrx_word' id='word_1_141' title='bbox 954 2075 985 2121; x_wconf 89' lang='lat' dir='ltr'>ait</span> <span class='ocrx_word' id='word_1_142' title='bbox 1001 2070 1040 2118; x_wconf 79' lang='lat' dir='ltr'>Set·</span> <span class='ocrx_word' id='word_1_143' title='bbox 1074 2078 1083 2125; x_wconf 70' lang='lat' dir='ltr'>q</span> 
     </span>
     <span class='ocr_line' id='line_1_20' title="bbox 329 2146 1083 2215; baseline -0.011 -15"><span class='ocrx_word' id='word_1_144' title='bbox 329 2153 402 2209; x_wconf 78' lang='lat' dir='ltr'>vius;</span> <span class='ocrx_word' id='word_1_145' title='bbox 421 2148 459 2199; x_wconf 83' lang='lat' dir='ltr'>vel</span> <span class='ocrx_word' id='word_1_146' title='bbox 476 2150 503 2197; x_wconf 85' lang='lat' dir='ltr'>in</span> <span class='ocrx_word' id='word_1_147' title='bbox 517 2146 661 2213; x_wconf 59' lang='lat' dir='ltr'>sparsurus,</span> <span class='ocrx_word' id='word_1_148' title='bbox 681 2163 709 2197; x_wconf 89' lang='lat' dir='ltr'>ut</span> <span class='ocrx_word' id='word_1_149' title='bbox 725 2148 800 2198; x_wconf 73' lang='lat' dir='ltr'>virum</span> <span class='ocrx_word' id='word_1_150' title='bbox 816 2167 865 2215; x_wconf 88' lang='lat' dir='ltr'>pro</span> <span class='ocrx_word' id='word_1_151' title='bbox 880 2151 997 2204; x_wconf 77' lang='lat' dir='ltr'>virorum,</span> <span class='ocrx_word' id='word_1_152' title='bbox 1015 2162 1040 2194; x_wconf 80' lang='lat' dir='ltr'>n·</span> <span class='ocrx_word' id='word_1_153' title='bbox 1080 2193 1083 2210; x_wconf 38' lang='grc' dir='ltr'>Ι</span> 
     </span>
    </p>
   </div>
   <div class='ocr_carea' id='block_1_6' title="bbox 260 2219 1040 3383">
    <p class='ocr_par' dir='ltr' id='par_1_6' title="bbox 260 2219 1040 3383">
     <span class='ocr_line' id='line_1_21' title="bbox 327 2219 1039 2294; baseline -0.007 -20"><span class='ocrx_word' id='word_1_154' title='bbox 327 2222 416 2294; x_wconf 77' lang='lat' dir='ltr'>postam</span> <span class='ocrx_word' id='word_1_155' title='bbox 435 2240 479 2288; x_wconf 90' lang='lat' dir='ltr'>pro</span> <span class='ocrx_word' id='word_1_156' title='bbox 498 2219 636 2287; x_wconf 64' lang='lat' dir='ltr'>apiastrum,</span> <span class='ocrx_word' id='word_1_157' title='bbox 652 2223 732 2278; x_wconf 73' lang='grc' dir='ltr'><strong>νίκα,</strong></span> <span class='ocrx_word' id='word_1_158' title='bbox 749 2241 793 2289; x_wconf 91' lang='lat' dir='ltr'>pro</span> <span class='ocrx_word' id='word_1_159' title='bbox 810 2225 918 2288; x_wconf 71' lang='lat' dir='ltr'>vimffir,</span> <span class='ocrx_word' id='word_1_160' title='bbox 935 2222 1039 2286; x_wconf 61' lang='lat' dir='ltr'>exstimat</span> 
     </span>
     <span class='ocr_line' id='line_1_22' title="bbox 260 2301 1040 2370; baseline -0.012 -15"><span class='ocrx_word' id='word_1_161' title='bbox 260 2348 263 2355; x_wconf 91' lang='lat'>.</span> <span class='ocrx_word' id='word_1_162' title='bbox 329 2321 373 2370; x_wconf 88' lang='lat' dir='ltr'>pro</span> <span class='ocrx_word' id='word_1_163' title='bbox 389 2301 558 2365; x_wconf 76' lang='lat' dir='ltr'>exstinxiffem,</span> <span class='ocrx_word' id='word_1_164' title='bbox 580 2317 646 2350; x_wconf 79' lang='lat' dir='ltr'>traxe</span> <span class='ocrx_word' id='word_1_165' title='bbox 667 2319 712 2367; x_wconf 93' lang='lat' dir='ltr'>pro</span> <span class='ocrx_word' id='word_1_166' title='bbox 732 2305 824 2367; x_wconf 80' lang='lat' dir='ltr'>traxiffe</span> <span class='ocrx_word' id='word_1_167' title='bbox 841 2310 891 2355; x_wconf 86' lang='lat' dir='ltr'>&amp;c.</span> <span class='ocrx_word' id='word_1_168' title='bbox 909 2302 971 2353; x_wconf 90' lang='lat' dir='ltr'>unde</span> <span class='ocrx_word' id='word_1_169' title='bbox 986 2301 1040 2351; x_wconf 86' lang='lat' dir='ltr'>fieret</span> 
     </span>
     <span class='ocr_line' id='line_1_23' title="bbox 329 2380 1039 2450; baseline -0.004 -18"><span class='ocrx_word' id='word_1_170' title='bbox 329 2385 408 2432; x_wconf 85' lang='lat' dir='ltr'>sensus</span> <span class='ocrx_word' id='word_1_171' title='bbox 420 2401 426 2431; x_wconf 86' lang='lat'>:</span> <span class='ocrx_word' id='word_1_172' title='bbox 438 2382 562 2447; x_wconf 76' lang='lat' dir='ltr'>sparfitrus</span> <span class='ocrx_word' id='word_1_173' title='bbox 579 2380 672 2444; x_wconf 77' lang='lat' dir='ltr'>haustus</span> <span class='ocrx_word' id='word_1_174' title='bbox 688 2401 802 2450; x_wconf 81' lang='lat' dir='ltr'>aquarum</span> <span class='ocrx_word' id='word_1_175' title='bbox 818 2420 826 2445; x_wconf 92' lang='lat'>‚</span> <span class='ocrx_word' id='word_1_176' title='bbox 838 2384 907 2450; x_wconf 84' lang='lat' dir='ltr'>prius</span> <span class='ocrx_word' id='word_1_177' title='bbox 916 2383 975 2444; x_wconf 84' lang='lat' dir='ltr'>fove</span> <span class='ocrx_word' id='word_1_178' title='bbox 990 2381 1039 2446; x_wconf 81' lang='lat' dir='ltr'>ipsos</span> 
     </span>
     <span class='ocr_line' id='line_1_24' title="bbox 328 2460 1039 2529; baseline -0.007 -18"><span class='ocrx_word' id='word_1_179' title='bbox 328 2479 367 2511; x_wconf 85' lang='lat' dir='ltr'>ore</span> <span class='ocrx_word' id='word_1_180' title='bbox 382 2480 392 2518; x_wconf 93' lang='lat'>‚·</span> <span class='ocrx_word' id='word_1_181' title='bbox 411 2461 449 2511; x_wconf 83' lang='lat' dir='ltr'>vel</span> <span class='ocrx_word' id='word_1_182' title='bbox 465 2462 533 2526; x_wconf 83' lang='lat' dir='ltr'>prius</span> <span class='ocrx_word' id='word_1_183' title='bbox 543 2460 601 2521; x_wconf 80' lang='lat' dir='ltr'>fove</span> <span class='ocrx_word' id='word_1_184' title='bbox 618 2477 655 2509; x_wconf 81' lang='lat' dir='ltr'>ore</span> <span class='ocrx_word' id='word_1_185' title='bbox 672 2460 767 2523; x_wconf 80' lang='lat' dir='ltr'>haustus</span> <span class='ocrx_word' id='word_1_186' title='bbox 783 2478 893 2529; x_wconf 79' lang='lat' dir='ltr'>aquarum</span> <span class='ocrx_word' id='word_1_187' title='bbox 910 2479 971 2527; x_wconf 86' lang='lat' dir='ltr'>quos</span> <span class='ocrx_word' id='word_1_188' title='bbox 984 2460 1039 2525; x_wconf 76' lang='lat' dir='ltr'>spur·</span> 
     </span>
     <span class='ocr_line' id='line_1_25' title="bbox 324 2535 1038 2603; baseline -0.006 -16"><span class='ocrx_word' id='word_1_189' title='bbox 324 2541 396 2603; x_wconf 75' lang='lat' dir='ltr'>finus</span> <span class='ocrx_word' id='word_1_190' title='bbox 418 2555 450 2586; x_wconf 87' lang='lat' dir='ltr'>es.</span> <span class='ocrx_word' id='word_1_191' title='bbox 467 2537 558 2587; x_wconf 83' lang='lat' dir='ltr'>Vertim</span> <span class='ocrx_word' id='word_1_192' title='bbox 574 2571 582 2597; x_wconf 88' lang='lat'><strong>,</strong></span> <span class='ocrx_word' id='word_1_193' title='bbox 600 2535 630 2585; x_wconf 87' lang='lat' dir='ltr'>ad</span> <span class='ocrx_word' id='word_1_194' title='bbox 644 2535 703 2602; x_wconf 90' lang='lat' dir='ltr'>quid</span> <span class='ocrx_word' id='word_1_195' title='bbox 728 2538 829 2588; x_wconf 80' lang='lat' dir='ltr'>fovendi</span> <span class='ocrx_word' id='word_1_196' title='bbox 844 2555 886 2587; x_wconf 92' lang='lat' dir='ltr'>ore</span> <span class='ocrx_word' id='word_1_197' title='bbox 904 2538 940 2587; x_wconf 84' lang='lat' dir='ltr'>isti</span> <span class='ocrx_word' id='word_1_198' title='bbox 959 2535 1038 2586; x_wconf 82' lang='lat' dir='ltr'>haustus</span> 
     </span>
     <span class='ocr_line' id='line_1_26' title="bbox 329 2614 1037 2681; baseline -0.004 -17"><span class='ocrx_word' id='word_1_199' title='bbox 329 2622 444 2681; x_wconf 84' lang='lat' dir='ltr'>a&#39;quarum</span> <span class='ocrx_word' id='word_1_200' title='bbox 460 2614 662 2679; x_wconf 81' lang='lat' dir='ltr'>spargendamm?</span> <span class='ocrx_word' id='word_1_201' title='bbox 678 2630 731 2679; x_wconf 84' lang='lat' dir='ltr'>quae</span> <span class='ocrx_word' id='word_1_202' title='bbox 748 2614 802 2665; x_wconf 85' lang='lat' dir='ltr'>finis</span> <span class='ocrx_word' id='word_1_203' title='bbox 818 2617 871 2665; x_wconf 83' lang='lat' dir='ltr'>est?</span> <span class='ocrx_word' id='word_1_204' title='bbox 889 2633 938 2665; x_wconf 90' lang='lat' dir='ltr'>non</span> <span class='ocrx_word' id='word_1_205' title='bbox 955 2614 1037 2664; x_wconf 85' lang='lat' dir='ltr'>dicitur·</span> 
     </span>
     <span class='ocr_line' id='line_1_27' title="bbox 329 2690 1037 2751; baseline -0.007 -10"><span class='ocrx_word' id='word_1_206' title='bbox 329 2692 407 2741; x_wconf 81' lang='lat' dir='ltr'>Nobis</span> <span class='ocrx_word' id='word_1_207' title='bbox 422 2707 525 2751; x_wconf 82' lang='lat' dir='ltr'>autem,</span> <span class='ocrx_word' id='word_1_208' title='bbox 544 2692 604 2740; x_wconf 91' lang='lat' dir='ltr'>nihil</span> <span class='ocrx_word' id='word_1_209' title='bbox 627 2690 771 2741; x_wconf 86' lang='lat' dir='ltr'>mutandum</span> <span class='ocrx_word' id='word_1_210' title='bbox 789 2693 894 2743; x_wconf 86' lang='lat' dir='ltr'>videtur.</span> <span class='ocrx_word' id='word_1_211' title='bbox 916 2694 1037 2742; x_wconf 65' lang='lat' dir='ltr'>Ledionen</span> 
     </span>
     <span class='ocr_line' id='line_1_28' title="bbox 327 2767 1036 2836; baseline -0.008 -17"><span class='ocrx_word' id='word_1_212' title='bbox 327 2774 456 2820; x_wconf 82' lang='lat' dir='ltr'>retinemus</span> <span class='ocrx_word' id='word_1_213' title='bbox 470 2767 570 2830; x_wconf 80' lang='lat' dir='ltr'>haustu,</span> <span class='ocrx_word' id='word_1_214' title='bbox 587 2785 614 2816; x_wconf 84' lang='lat' dir='ltr'>ex</span> <span class='ocrx_word' id='word_1_215' title='bbox 632 2767 723 2818; x_wconf 87' lang='lat' dir='ltr'>Medic.</span> <span class='ocrx_word' id='word_1_216' title='bbox 742 2786 777 2817; x_wconf 91' lang='lat' dir='ltr'>rn.</span> <span class='ocrx_word' id='word_1_217' title='bbox 795 2772 843 2819; x_wconf 88' lang='lat' dir='ltr'>sec.</span> <span class='ocrx_word' id='word_1_218' title='bbox 859 2770 909 2836; x_wconf 81' lang='lat' dir='ltr'>qud</span> <span class='ocrx_word' id='word_1_219' title='bbox 925 2767 1036 2819; x_wconf 81' lang='lat' dir='ltr'>alludit&amp;</span> 
     </span>
     <span class='ocr_line' id='line_1_29' title="bbox 328 2844 1037 2916; baseline -0.011 -18"><span class='ocrx_word' id='word_1_220' title='bbox 328 2867 365 2916; x_wconf 89' lang='lat' dir='ltr'>pr.</span> <span class='ocrx_word' id='word_1_221' title='bbox 383 2864 466 2897; x_wconf 75' lang='lat' dir='ltr'>manus</span> <span class='ocrx_word' id='word_1_222' title='bbox 483 2844 556 2909; x_wconf 77' lang='lat' dir='ltr'>astu,</span> <span class='ocrx_word' id='word_1_223' title='bbox 575 2863 602 2894; x_wconf 87' lang='lat' dir='ltr'>ac</span> <span class='ocrx_word' id='word_1_224' title='bbox 616 2848 687 2894; x_wconf 81' lang='lat' dir='ltr'>etiam</span> <span class='ocrx_word' id='word_1_225' title='bbox 706 2862 734 2894; x_wconf 87' lang='lat' dir='ltr'>ex</span> <span class='ocrx_word' id='word_1_226' title='bbox 753 2848 833 2896; x_wconf 76' lang='lat' dir='ltr'>nostri</span> <span class='ocrx_word' id='word_1_227' title='bbox 850 2847 888 2897; x_wconf 90' lang='lat' dir='ltr'>ed.</span> <span class='ocrx_word' id='word_1_228' title='bbox 908 2849 936 2897; x_wconf 89' lang='lat' dir='ltr'>B.</span> <span class='ocrx_word' id='word_1_229' title='bbox 955 2848 1037 2897; x_wconf 83' lang='lat' dir='ltr'>Retine-</span> 
     </span>
     <span class='ocr_line' id='line_1_30' title="bbox 329 2919 1035 2987; baseline -0.01 -10"><span class='ocrx_word' id='word_1_230' title='bbox 329 2944 382 2977; x_wconf 86' lang='lat' dir='ltr'>mus</span> <span class='ocrx_word' id='word_1_231' title='bbox 402 2943 442 2975; x_wconf 84' lang='lat' dir='ltr'>nra</span> <span class='ocrx_word' id='word_1_232' title='bbox 456 2925 513 2987; x_wconf 75' lang='lat' dir='ltr'>fove</span> <span class='ocrx_word' id='word_1_233' title='bbox 531 2941 559 2973; x_wconf 83' lang='lat' dir='ltr'>ex</span> <span class='ocrx_word' id='word_1_234' title='bbox 577 2922 662 2973; x_wconf 87' lang='lat' dir='ltr'>eodem</span> <span class='ocrx_word' id='word_1_235' title='bbox 682 2922 738 2972; x_wconf 91' lang='lat' dir='ltr'>cod.</span> <span class='ocrx_word' id='word_1_236' title='bbox 756 2925 849 2974; x_wconf 85' lang='lat' dir='ltr'>Medic.</span> <span class='ocrx_word' id='word_1_237' title='bbox 870 2944 905 2974; x_wconf 90' lang='lat' dir='ltr'>m.</span> <span class='ocrx_word' id='word_1_238' title='bbox 926 2928 971 2975; x_wconf 80' lang='lat' dir='ltr'>sec.</span> <span class='ocrx_word' id='word_1_239' title='bbox 990 2919 1035 2971; x_wconf 85' lang='lat' dir='ltr'>cod·</span> 
     </span>
     <span class='ocr_line' id='line_1_31' title="bbox 328 3000 1035 3069; baseline -0.01 -16"><span class='ocrx_word' id='word_1_240' title='bbox 328 3008 389 3069; x_wconf 79' lang='lat' dir='ltr'>Reg.</span> <span class='ocrx_word' id='word_1_241' title='bbox 408 3000 447 3052; x_wconf 62' lang='grc' dir='ltr'>Χῖ.</span> <span class='ocrx_word' id='word_1_242' title='bbox 464 3020 482 3051; x_wconf 90' lang='lat' dir='ltr'>s.</span> <span class='ocrx_word' id='word_1_243' title='bbox 504 3006 529 3050; x_wconf 72' lang='grc' dir='ltr'>δι</span> <span class='ocrx_word' id='word_1_244' title='bbox 551 3000 634 3050; x_wconf 66' lang='lat' dir='ltr'>eidem</span> <span class='ocrx_word' id='word_1_245' title='bbox 658 3000 695 3049; x_wconf 85' lang='lat' dir='ltr'>ed.</span> <span class='ocrx_word' id='word_1_246' title='bbox 718 3002 746 3050; x_wconf 91' lang='grc' dir='ltr'>Β.</span> <span class='ocrx_word' id='word_1_247' title='bbox 771 3002 878 3069; x_wconf 85' lang='lat' dir='ltr'>Indeque</span> <span class='ocrx_word' id='word_1_248' title='bbox 904 3003 933 3053; x_wconf 87' lang='lat' dir='ltr'>fit</span> <span class='ocrx_word' id='word_1_249' title='bbox 955 3004 1035 3052; x_wconf 84' lang='lat' dir='ltr'>sensus:</span> 
     </span>
     <span class='ocr_line' id='line_1_32' title="bbox 323 3077 1036 3151; baseline -0.008 -22"><span class='ocrx_word' id='word_1_250' title='bbox 323 3082 419 3151; x_wconf 61' lang='lat' dir='ltr'>sparsus</span> <span class='ocrx_word' id='word_1_251' title='bbox 428 3082 500 3141; x_wconf 81' lang='lat' dir='ltr'>juxta</span> <span class='ocrx_word' id='word_1_252' title='bbox 510 3096 537 3127; x_wconf 83' lang='lat' dir='ltr'>os</span> <span class='ocrx_word' id='word_1_253' title='bbox 550 3093 616 3127; x_wconf 86' lang='lat' dir='ltr'>tuum</span> <span class='ocrx_word' id='word_1_254' title='bbox 627 3077 756 3133; x_wconf 85' lang='lat' dir='ltr'>videlicet,</span> <span class='ocrx_word' id='word_1_255' title='bbox 771 3083 796 3128; x_wconf 75' lang='grc' dir='ltr'>δι</span> <span class='ocrx_word' id='word_1_256' title='bbox 812 3097 892 3147; x_wconf 80' lang='lat' dir='ltr'>graeco</span> <span class='ocrx_word' id='word_1_257' title='bbox 906 3099 972 3131; x_wconf 87' lang='lat' dir='ltr'>more</span> <span class='ocrx_word' id='word_1_258' title='bbox 983 3116 990 3140; x_wconf 95' lang='lat'>,</span> <span class='ocrx_word' id='word_1_259' title='bbox 1000 3081 1036 3127; x_wconf 82' lang='lat' dir='ltr'>hoc</span> 
     </span>
     <span class='ocr_line' id='line_1_33' title="bbox 329 3156 1036 3223; baseline -0.007 -10"><span class='ocrx_word' id='word_1_260' title='bbox 329 3165 378 3223; x_wconf 86' lang='lat' dir='ltr'>cst,</span> <span class='ocrx_word' id='word_1_261' title='bbox 390 3160 472 3210; x_wconf 74' lang='lat' dir='ltr'>itabens</span> <span class='ocrx_word' id='word_1_262' title='bbox 483 3175 509 3208; x_wconf 83' lang='lat' dir='ltr'>os</span> <span class='ocrx_word' id='word_1_263' title='bbox 520 3174 584 3206; x_wconf 82' lang='lat' dir='ltr'>tuum</span> <span class='ocrx_word' id='word_1_264' title='bbox 586 3158 708 3223; x_wconf 83' lang='lat' dir='ltr'>sparsum,</span> <span class='ocrx_word' id='word_1_265' title='bbox 721 3158 849 3215; x_wconf 78' lang='lat' dir='ltr'>imbutum,</span> <span class='ocrx_word' id='word_1_266' title='bbox 860 3162 987 3214; x_wconf 82' lang='lat' dir='ltr'>munitum,</span> <span class='ocrx_word' id='word_1_267' title='bbox 996 3156 1036 3223; x_wconf 66' lang='lat' dir='ltr'>pit·</span> 
     </span>
     <span class='ocr_line' id='line_1_34' title="bbox 328 3234 1037 3305; baseline 0.003 -19"><span class='ocrx_word' id='word_1_268' title='bbox 328 3257 403 3298; x_wconf 82' lang='lat' dir='ltr'>num,</span> <span class='ocrx_word' id='word_1_269' title='bbox 420 3236 503 3299; x_wconf 78' lang='lat' dir='ltr'>haustu</span> <span class='ocrx_word' id='word_1_270' title='bbox 514 3252 642 3301; x_wconf 79' lang='lat' dir='ltr'>aquarum,</span> <span class='ocrx_word' id='word_1_271' title='bbox 656 3252 683 3283; x_wconf 86' lang='lat' dir='ltr'>ex</span> <span class='ocrx_word' id='word_1_272' title='bbox 698 3237 750 3299; x_wconf 87' lang='lat' dir='ltr'>ipso</span> <span class='ocrx_word' id='word_1_273' title='bbox 767 3237 851 3286; x_wconf 85' lang='lat' dir='ltr'>haustu</span> <span class='ocrx_word' id='word_1_274' title='bbox 866 3255 995 3305; x_wconf 81' lang='lat' dir='ltr'>aquarum,</span> <span class='ocrx_word' id='word_1_275' title='bbox 1003 3234 1037 3296; x_wconf 68' lang='lat' dir='ltr'>so·</span> 
     </span>
     <span class='ocr_line' id='line_1_35' title="bbox 327 3311 1035 3383; baseline -0.007 -17"><span class='ocrx_word' id='word_1_276' title='bbox 327 3335 354 3366; x_wconf 75' lang='grc' dir='ltr'>νε</span> <span class='ocrx_word' id='word_1_277' title='bbox 367 3332 407 3365; x_wconf 82' lang='lat' dir='ltr'>ora</span> <span class='ocrx_word' id='word_1_278' title='bbox 419 3349 432 3376; x_wconf 89' lang='lat'>,.</span> <span class='ocrx_word' id='word_1_279' title='bbox 440 3330 483 3363; x_wconf 83' lang='lat' dir='ltr'>ora</span> <span class='ocrx_word' id='word_1_280' title='bbox 496 3312 586 3362; x_wconf 85' lang='lat' dir='ltr'>scilicet</span> <span class='ocrx_word' id='word_1_281' title='bbox 601 3311 713 3371; x_wconf 85' lang='lat' dir='ltr'>alvearii,</span> <span class='ocrx_word' id='word_1_282' title='bbox 725 3313 764 3363; x_wconf 74' lang='lat' dir='ltr'>tel</span> <span class='ocrx_word' id='word_1_283' title='bbox 779 3314 844 3364; x_wconf 85' lang='lat' dir='ltr'>istius</span> <span class='ocrx_word' id='word_1_284' title='bbox 860 3316 959 3383; x_wconf 64' lang='lat' dir='ltr'>angistae</span> <span class='ocrx_word' id='word_1_285' title='bbox 967 3314 1035 3380; x_wconf 79' lang='lat' dir='ltr'>sedis,</span> 
     </span>
    </p>
   </div>
   <div class='ocr_carea' id='block_1_7' title="bbox 0 0 1434 4325">
    <p class='ocr_par' dir='ltr' id='par_1_7' title="bbox 0 0 1434 4325">
     <span class='ocr_line' id='line_1_36' title="bbox 0 0 1434 4325; baseline 0 0"><span class='ocrx_word' id='word_1_286' title='bbox 0 0 1434 4325; x_wconf 95' lang='lat' dir='ltr'> </span> 
     </span>
    </p>
   </div>
  </div>
 </body>
</html>
