2859 4325
327 613 359 701 ἡ
481 604 924 678 PRAEFATIQ

322 747 383 807 duo
404 746 529 811 Codices
552 765 634 809 aetate
655 751 687 811 δι
710 747 877 810 audoritate
897 747 990 809 ferme
1012 769 1114 832 pares;

323 829 511 910 videnturque
530 829 571 891 D.
589 830 699 891 Hem
719 846 880 891 ceterorum
901 830 1016 913 Virgilii
1036 834 1116 893 codi-

324 909 1054 1053 cil“illitinia-“iiii{aiiii'iiinriul{irc‘liis‘i'i
1068 913 1116 1053 ii

325 1008 519 1156 illitographid,
536 1012 604 1152 'qdae
626 1012 735 1131 diiersa
748 1070 789 1132 est
806 1073 835 1131 in
853 1011 981 1133 {iediceo
1002 1075 1036 1135 δι
1054 1076 1114 1133 Κο·

325 1175 427 1224 mano,
445 1150 514 1213 ficut
525 1153 555 1212 in
566 1152 628 1214 aliis
644 1151 809 1224 codicibus,
829 1171 915 1235 prout
926 1173 963 1213 ex
980 1154 1112 1217 alteratio

325 1235 492 1315 procedunt.

368 1382 435 1444 Post
453 1385 623 1458 Mediceum,
642 1383 759 1445 facultas
778 1383 861 1444 nobis
881 1380 922 1443 est
943 1381 1019 1444 falla
1039 1406 1057 1444 a
1074 1384 1112 1446 V.

327 1463 376 1526 Cl.
393 1465 434 1525 D.
453 1464 592 1526 Cnussru
611 1466 854 1535 superserunt,
872 1463 991 1546 Linguae
1012 1465 1116 1524 Arabi-

328 1567 371 1605 cae
394 1544 551 1606 Profeffore
572 1546 615 1607 Re
636 1548 685 1621 io,
709 1548 743 1608 ὅ(
769 1547 799 1604 in
824 1543 1003 1606 Bibliothecd
1025 1545 1070 1606 Re
1090 1546 1115 1605 id

329 1625 589 1709 Manuscriptorum
606 1567 757 1696 dustode,
778 1626 870 1707 plures
889 1646 925 1686 ex
943 1626 1047 1687 eisdem
1065 1566 1115 1687 lii-

331 1708 475 1769 bliorheci
497 1707 651 1768 evolvendi
675 1707 801 1769 Codices
830 1709 872 1766 xi.
897 1709 957 1768 xri.
979 1710 1010 1768 &
1039 1710 1115 1769 xrti.

329 1789 507 1862 seculorum3
531 1808 602 1869 quos
623 1785 831 1870 diligentiffimd
852 1808 918 1847 cum
940 1785 1002 1868 ipso
1022 1790 1117 1848 Meu·-

328 1892 376 1943 ¹ceo
396 1870 575 1932 contulimus.
594 1868 670 1942 Sed,
690 1871 763 1928 inter
779 1888 902 1942 omnes,
922 1888 994 1927 unus
1013 1871 1118 1950 praeci·

327 1951 412 2040 pud,
433 1952 561 2024 decimi,
586 1966 616 2010 ut
640 1966 759 2032 apparet
781 1947 886 2042 seculi,
907 1969 995 2092 Quem
1019 1946 1117 2043 saepius

330 2032 593 2174 llllllllnll
604 2033 927 2194 lgltfllllllln
940 2029 1117 2173 illul:

330 2196 367 2254 tis
383 2196 412 2253 in
429 2191 537 2273 judiciis
555 2193 785 2275 componendis,
801 2214 834 2252 ac
851 2193 938 2251 etiam
954 2190 1117 2254 firmandis:
1151 2248 1153 2252 ,

329 2275 379 2336 sed
398 2273 500 2351 majori
518 2291 597 2355 parte
609 2276 684 2333 xui.
701 2273 840 2333 AEneidos
859 2272 923 2332 libri
941 2270 981 2333 est
999 2291 1117 2334 trunca·

330 2374 385 2419 tus.
401 2356 523 2418 Videtur
539 2355 621 2416 nobis
638 2352 693 2415 elle
709 2355 745 2413 de
760 2353 867 2414 familia
884 2352 1030 2416 Romami.

372 2528 411 2590 Iis
427 2550 463 2589 eu
479 2528 625 2600 fontibus,
644 2549 713 2609 quas
728 2525 764 2585 ad
780 2526 888 2585 calcem
905 2521 1044 2604 utriusque
1058 2545 1119 2584 vo·

332 2612 417 2682 minis
435 2609 648 2670 commoditatis
667 2609 758 2689 gratiis
772 2604 939 2683 rejecimus,
952 2624 1035 2664 notas
1049 2604 1120 2665 hau·

332 2687 438 2763 stmus3
458 2691 487 2748 in
506 2689 606 2769 quibus
622 2693 709 2749 variae
725 2688 858 2748 lecliones
875 2686 1013 2745 librorum
1032 2706 1119 2746 com-

329 2788 488 2853 parantur,
511 2767 670 2830 difficiliora
687 2769 818 2850 quaedam
836 2767 900 2826 loca
919 2787 953 2825 ex
977 2767 1118 2840 licantut,

332 2850 508 2915 criticorum
536 2853 658 2910 rationes
683 2848 915 2929 perpenduntur,
938 2789 1120 2909 drammati-

330 2953 432 2993 corum
449 2930 615 3012 quaestiones
630 2929 811 2991 aestimantur.
827 2932 885 2987 Sua
905 2930 991 2987 etiam
1007 2927 1119 3010 singulis

332 3014 405 3075 Eclo
425 3014 447 3072 is
467 3017 629 3095 Argumenta
647 3011 764 3071 fecimus
782 3033 789 3069 τ
809 3012 890 3069 Ruui
909 3006 969 3067 sunt
989 3009 1037 3067 illa
1057 3030 1120 3089 quae

331 3033 497 3167 Bucoiicis,
519 3091 670 3174 Georgicis
690 3095 722 3154 ὃ(
741 3091 877 3160 AEneidi,
900 3087 1013 3171 singulis
1034 3091 1122 3149 etiam

329 3192 392 3236 tam
413 3167 605 3258 Georgicon,
628 3173 713 3255 quim
735 3170 872 3233 AEneidos
899 3169 977 3230 libris
1004 3191 1122 3252 praepo-

333 3275 445 3320 utuntur.

370 3405 515 3471 Hadenus
536 3406 602 3470 haec
624 3406 763 3491 praelari,
788 3403 880 3485 deque
902 3396 1000 3462 nostro
1023 3389 1123 3466 laliom
