2859 4325
454 644 886 738 ¹Ia'ctonnIX.
1000 680 1054 766 49

477 868 479 872 .
586 814 801 868 Lucanas

303 904 393 976 Quid,
410 919 470 974 qua
488 916 518 956 te
532 900 600 971 puts
614 901 701 952 solum
721 900 766 953 sub
782 898 862 953 ηοᾶο
879 911 1021 953 canentem

305 1001 449 1059 Audieram
466 1001 477 1053 i
495 1013 625 1051 numeros
641 994 772 1057 memini,
790 995 907 1049 fivetba
922 1010 1053 1048 tenerem.
1069 1010 1104 1063 45

626 1082 656 1132 M
668 1094 691 1132 cc
704 1097 724 1133 n
734 1096 746 1133 1
760 1095 783 1134 s.

305 1173 436 1246 Daphni,
448 1171 513 1243 quid
524 1169 653 1239 antiquos
663 1168 808 1238 Signorunt
821 1168 932 1238 suspicis
943 1182 1018 1224 ottus
1031 1170 1042 1225 i
1073 1227 1076 1231 f

304 1274 371 1326 Ecce
384 1270 498 1324 Dionaei
512 1265 637 1337 proceffit
653 1265 766 1319 Caesaris
781 1266 897 1320 astrum:

307 1367 413 1422 nstrum
425 1404 434 1431 ,
446 1381 502 1435 quo
513 1364 616 1433 segetes
633 1363 779 1432 gauderent
790 1363 911 1433 frugibus
923 1396 931 1424 ,
942 1364 968 1417 ἃ
979 1379 1035 1435 quo

307 1463 431 1514 Duceret
446 1458 544 1528 apricis
563 1457 592 1511 in
609 1457 724 1515 collibus
740 1475 794 1511 uva
809 1461 942 1514 colorent.

306 1555 536 1626 Insere,Daphni.
548 1553 636 1635 pinos,
644 1570 753 1626 carpent
764 1570 810 1608 tua
817 1572 899 1622 poma
908 1569 1032 1626 nepotes.
1079 1576 1111 1626 5<

310 1653 472 1708 Omniasett
483 1662 564 1720 ae'tas,
575 1650 695 1704 animum
709 1669 817 1722 quoque
828 1671 838 1713 3
850 1650 921 1723 sape
933 1671 985 1724 ego
995 1657 1094 1728 longos

317 1752 460 1823 Cantando
477 1765 590 1819 puerum
607 1748 719 1802 memini
734 1765 778 1802 me
793 1751 907 1804 condere
923 1752 1012 1806 Soles.

313 1853 395 1907 Nunc
410 1846 494 1902 oblita
512 1844 581 1899 mihi
597 1857 639 1898 tot
655 1844 772 1901 carmina
787 1864 797 1907 ·‚
811 1862 870 1903 vox
887 1865 997 1918 quoque
1014 1838 1117 1903 M'oetin

312 1948 372 2005 Jam
388 1944 458 2016 sugit
475 1944 532 2014 ipsa
548 1963 556 1998 ι
571 1942 630 2013 lupi
645 1944 750 1997 Moerin
768 1943 860 1997 videite
876 1944 992 2017 priores.

315 2048 367 2113 sed
383 2057 473 2099 tamen
488 2041 536 2096 ina
553 2040 617 2097 satis
635 2022 732 2115 teset'e't
749 2042 798 2097 tibi
815 2041 886 2115 sap&
902 2043 1051 2099 Menalcas.
1081 2061 1112 2112 55

605 2130 819 2185 Lucanas

318 2219 456 2273 Causando
472 2216 580 2274 nostros
595 2217 625 2270 in
636 2219 748 2289 longum
764 2218 839 2272 ducis
854 2237 970 2274 amores.

316 2316 350 2369 Et
364 2332 436 2368 nunc
448 2331 531 2369 omne
547 2312 597 2367 tibi
612 2312 721 2368 stratum
737 2314 796 2367 silet
811 2333 903 2385 aquot
915 2336 924 2377 ;
938 2318 965 2369 ἃ
984 2334 1080 2373 omnes

318 2412 456 2483 (Aspice)
476 2409 583 2464 ventosi
598 2411 750 2467 ceciderunt
766 2413 909 2467 murmuris
927 2430 1006 2466 aurae.

319 2510 390 2565 Hinc
401 2506 469 2563 adeo
480 2495 616 2564 mediaest
627 2509 706 2563 nobis
719 2509 764 2561 via
776 2527 784 2568 ·,
797 2525 911 2579 namque
921 2510 1070 2579 sepulcrum

322 2607 422 2677 Incipit
437 2611 565 2675 apparete
580 2606 703 2661 Bianoris
719 2623 727 2659 t
744 2606 806 2672 hic,
822 2605 865 2659 uhi
880 2605 972 2660 densas
1082 2609 1117 2662 60

323 2703 456 2778 Agricolae
471 2702 602 2775 stringunt
618 2704 746 2765 frondes.
764 2703 828 2768 hic,
843 2703 939 2769 Maeti,
955 2703 1100 2772 canamus3

323 2800 372 2854 Hic
390 2800 483 2853 haedos
500 2799 627 2869 ἅθρουν,
646 2816 738 2854 tamen
752 2799 892 2881 veniemus
911 2800 941 2851 in
955 2801 1065 2866 urbem

324 2897 393 2957 Aut,
409 2896 451 2962 si,
473 2912 532 2948 nox
549 2896 670 2965 pluviam
685 2915 720 2949 ne
740 2895 849 2966 colligat
865 2892 946 2959 ants,
962 2908 1100 2960 vetemur,

324 2992 469 3046 Cantantes
483 2993 547 3045 iicet
561 2994 643 3063 usque
656 2993 768 3065 (minias
785 2990 830 3044 via
848 2992 925 3044 ludet
935 2988 945 3055 )
957 3008 1058 3045 eamus.

325 3090 470 3146 Cantantes
484 3104 517 3143 ut
531 3105 641 3155 eamus,
658 3108 710 3161 ego
727 3092 779 3144 hoc
795 3091 823 3141 ‘te
836 3089 905 3142 fasce
919 3089 1026 3145 levabo.
1084 3094 1100 3145 6
1105 3110 1117 3159 5

642 3179 674 3230 M
685 3193 709 3228 <a
722 3191 741 3230 n
753 3191 763 3227 1
776 3191 801 3250 ρ.

328 3264 422 3317 Desine
433 3268 511 3334 plura
522 3304 531 3330 ,
542 3282 626 3334 puer,
639 3266 665 3317 δι
677 3303 685 3329 ,
696 3267 769 3333 quod
781 3280 851 3316 nunc
862 3262 953 3327 instat,
966 3281 1085 3335 agamus.

331 3361 453 3414 Carmina
465 3379 522 3415 tum
535 3362 632 3420 melitis
643 3401 651 3429 ,
663 3361 723 3416 cuitu
736 3360 840 3417 venerit
851 3360 906 3432 ipse
917 3399 926 3426 ,
942 3378 1079 3423 canemus.

368 3456 456 3509 Tomus
475 3456 500 3512 1.
956 3455 978 3509 C
