2859 4325
355 613 604 698 Lina
660 612 772 703 III.
866 648 944 735 ¹¹9

299 778 364 844 trit,
380 793 461 848 atque
475 791 548 830 artua
562 777 709 845 depascitur
725 781 797 834 auda
811 782 911 850 febris,
984 798 994 821 ‘=

312 875 438 931 incensos
456 873 531 928 esiur
545 889 684 940 avertere,
702 878 729 930 δι
743 879 814 934 inter

299 973 349 1028 rite
366 973 443 1041 pedit
459 972 598 1026 salientem
611 973 739 1043 sanguine
756 995 871 1036 venant:
937 982 992 1046 460

299 1096 301 1120 r
318 1088 375 1142 quo
389 1086 467 1124 more
481 1071 587 1134 solent,
603 1085 714 1140 acerque
733 1073 875 1143 Gelonus,

299 1169 351 1240 agit
367 1167 396 1220 in
411 1165 576 1235 Rhodopen,
594 1182 673 1236 arque
688 1169 717 1221 in
734 1172 832 1225 deserta
844 1173 973 1232 Getarum
991 1219 1000 1248 ,

302 1279 460 1320 concretum
475 1279 536 1317 curn
550 1263 677 1333 sanguine
692 1282 768 1333 potat
784 1270 895 1338 equino.

302 1364 399 1432 procui
416 1376 462 1414 aut
478 1359 555 1413 molli
570 1360 706 1414 succedere
722 1363 818 1431 sepitis
832 1368 930 1421 umbrae

299 1475 324 1520 t,
334 1472 380 1511 aut
390 1458 506 1510 summac
516 1471 669 1524 carpentem
681 1455 804 1527 ignavius
814 1460 925 1522 herbas,
938 1464 991 1530 465

300 1570 407 1625 remque
418 1552 493 1623 sequi
504 1591 511 1616 ,
524 1569 569 1605 aut
581 1555 670 1606 medio
684 1557 861 1622 procumbere
872 1573 968 1630 campo

300 1667 372 1716 tem,
389 1651 416 1702 δι
431 1650 495 1704 (οτι
511 1650 594 1704 solam
612 1653 739 1704 decedere
755 1651 849 1706 nodii:

300 1745 342 1801 ud
358 1749 464 1815 cuipam
480 1747 553 1799 serro
569 1746 726 1815 compesce,
743 1747 898 1819 priusquam

303 1860 332 1898 er
347 1843 484 1898 incautum
502 1844 608 1910 serpant
621 1843 745 1912 contagia
759 1847 868 1916 vuigua.

301 1957 330 1993 m
339 1942 433 1994 creber
441 1956 520 2011 agens
529 1938 646 1992 hiemem
653 1941 821 2008 tuitaequore
830 1943 926 2006 turbo,
941 1958 994 2009 470

303 2039 395 2091 multa
408 2037 539 2105 pecudum
551 2034 645 2103 pestes.
656 2037 713 2087 Nec
723 2035 823 2106 finguie
834 2036 922 2092 morbi

300 2149 326 2188 ra
340 2130 491 2202 corripiunt
504 2149 513 2192 3
531 2130 576 2185 sed
588 2145 644 2184 tota
659 2131 749 2185 aestiva
765 2133 895 2203 repenti,

300 2226 780 2302 ue,gregemquesimul‚cun&amquc
788 2232 820 2284 ab
828 2232 933 2303 origine
944 2248 1061 2305 gentem.

300 2326 373 2388 ciat.
387 2327 471 2381 adrias
485 2326 566 2395 Alpes
584 2326 610 2378 δι
624 2325 726 2378 Norica
742 2325 761 2377 si
778 2326 840 2394 quis

301 2442 317 2479 a
334 2423 363 2480 iu
379 2423 508 2486 tumulis,
523 2422 660 2490 &lapidis
676 2438 740 2473 aava
753 2420 880 2487 Timavi,
944 2439 995 2491 475

301 2537 410 2592 quoque
425 2518 484 2589 pdst
499 2517 576 2572 tantd
592 2519 684 2571 videat
694 2555 701 2580 ‚
711 2517 865 2586 desertaque
880 2533 962 2589 regna

301 2634 361 2683 um,
379 2617 406 2670 dt
423 2615 506 2687 longe
522 2617 602 2669 saltus
617 2614 723 2684 latdque
739 2625 874 2669 vacantes.

310 2718 445 2785 quondam
461 2717 557 2768 morbo
571 2714 637 2767 coeli
652 2713 800 2766 miseranda
815 2725 909 2766 coorta
925 2710 962 2764 esi

301 2812 376 2874 edna,
390 2825 504 2880 toroque
518 2809 639 2863 autumni
651 2808 786 2862 incanduit
799 2806 883 2871 astu,

301 2924 328 2960 ur
338 2923 419 2960 omne
428 2907 488 2960 neci
498 2908 628 2975 pecudum
638 2903 802 2967 dedir,omne
810 2902 999 2967 seramm3480

301 3001 390 3071 pitque
409 3004 481 3055 lacus
495 3019 504 3061 ς
520 3000 613 3055 iniecit
630 3001 726 3067 pabula
741 2998 813 3050 tabo.

301 3117 320 3154 u
332 3101 428 3154 mortis
442 3115 498 3154 etat
508 3099 620 3168 simplex
632 3115 641 3158 ·‚
651 3098 695 3150 sed
706 3095 752 3150 ubi
762 3095 840 3165 ignee
852 3093 931 3148 venie

301 3215 342 3251 rur
357 3197 415 3251 adda
428 3196 484 3249 fitis
501 3196 612 3249 miseros
625 3196 769 3249 adduxerat
783 3206 874 3245 attus:

301 3310 308 3346 t
324 3294 472 3350 abundabat
489 3290 585 3346 fluidus
600 3290 709 3361 liquor,
726 3286 869 3358 omniaque
882 3285 910 3339 in
920 3288 949 3344 se
