2859 4325
368 631 1113 719 ewmssstssfesswwu

446 810 633 884 LIBER
664 808 1027 884 ¹SECUNDUS.

362 920 437 1042 H
446 999 467 1038 a
476 997 493 1038 n
502 999 521 1038 a
529 1000 546 1038 a
554 1000 573 1038 u
582 965 624 1038 us·
636 1001 764 1039 arvorum
774 988 864 1038 cultus
876 984 902 1037 δι
915 983 998 1038 fidere
1008 982 1088 1044 eoeli;

362 1084 441 1136 Nunc
451 1098 493 1146 te,
502 1084 617 1149 Bacche,
629 1102 737 1142 canam,
748 1101 798 1136 nec
809 1100 865 1136 non
875 1083 1004 1137 silvestria
1014 1098 1102 1144 tecum¹

362 1180 505 1248 virgulta,
525 1182 551 1233 u
567 1180 762 1249 prolemtarde
778 1179 922 1234 crescentis
940 1182 1033 1235 olive.

361 1277 439 1340 Huc,
457 1295 533 1346 pater
550 1280 568 1332 d
586 1272 703 1341 Lenaee3
723 1279 795 1347 (ruis
814 1281 858 1331 hie
878 1272 971 1331 omnia
989 1282 1068 1348 plena

339 1376 545 1442 §Muneribuu
561 1365 609 1431 ribi
626 1366 771 1447 pampineo
789 1376 912 1447 gravidus
929 1393 1060 1430 autumno

362 1474 453 1527 Floret
471 1488 550 1545 ager,
568 1476 671 1544 spumat
690 1475 778 1545 plenis
794 1474 934 1528 vindemia
950 1475 1029 1528 labris
1041 1477 1070 1542 r)

363 1571 440 1632 Huc.
458 1588 533 1640 pater
548 1571 566 1625 ὁ
581 1573 693 1650 Lenaee,
710 1571 776 1624 veni
793 1592 801 1634 ·‚
820 1573 970 1642 nudataque
986 1571 1072 1630 musto

281 1721 285 1727 .
363 1669 452 1740 Tinge
469 1687 545 1723 novo
563 1686 668 1722 mecum
684 1670 800 1739 dereptis
818 1686 895 1723 crura
914 1670 1064 1724 cothurnis.

402 1764 536 1837 Principii)
554 1766 689 1819 arboribus
704 1766 778 1819 varia
797 1766 833 1819 est
849 1781 944 1820 natura
961 1767 1098 1822 creandis=

324 1885 356 1923 ιο
364 1865 486 1934 Namque
498 1865 575 1929 alia,
589 1864 669 1918 nullis
682 1864 1019 1943 hominumeogentibun,
1030 1865 1092 1934 ipsae

364 1963 469 2030 Sponte
484 1962 529 2013 sud
547 1961 678 2025 veniunt,
692 1962 854 2030 camposque
871 1962 898 2014 δι
914 1962 1027 2017 flumina
1039 1960 1093 2016 lar'e

365 2061 455 2112 Curva
467 2073 559 2111 teuent
572 2077 580 2111 ι
594 2072 624 2109 ut
637 2062 720 2112 molle
734 2059 793 2111 siler
803 2097 812 2123 ,
824 2062 959 2130 lentaque
971 2059 1098 2131 genesta,

356 2155 500 2225 Populus,
512 2156 538 2207 δι
555 2155 646 2225 glauci
662 2157 784 2210 canentia
798 2157 892 2211 fronde
907 2157 1010 2216 salida.
1041 2163 1057 2189 ·’

365 2252 427 2305 Pars
444 2266 532 2305 autern
550 2253 638 2323 polito
656 2255 765 2323 surgunt
782 2256 813 2308 de
830 2255 954 2309 semine:
971 2272 1002 2310 ut
1018 2248 1079 2311 'alta

325 2361 355 2411 15
366 2350 498 2403 Castanea:
509 2386 517 2409 ‚
527 2368 722 2421 nemorumque
733 2352 799 2407 Jovi
810 2369 869 2421 quae
881 2353 1001 2407 maxima
1010 2355 1114 2411 frondet

346 2450 503 2515 'AEscnius‚
515 2467 594 2520 atque
611 2451 706 2503 hahitae
725 2450 816 2506 Graiis
831 2454 940 2505 oracula
957 2471 1080 2523 quercus.

272 2539 276 2548 ⁵
365 2549 479 2601 Pullulat
494 2553 525 2601 ab
544 2549 629 2602 radice
644 2550 700 2602 aliis
718 2548 860 2602 densissima
874 2549 957 2606 fiiva:

366 2649 404 2700 Ut
419 2648 512 2700 cerasis
529 2648 659 2716 ulmisque
671 2666 679 2706 ;
690 2646 781 2704 :etiam
799 2646 928 2726 Parnassia
945 2649 1036 2701 laurus

366 2744 449 2797 Parva
465 2747 510 2798 {ub
527 2744 629 2814 ingenti
641 2743 735 2796 matris
751 2746 777 2797 se
794 2744 898 2811 subjicit
912 2744 1015 2797 urnbrd.

322 2864 357 2902 20
366 2845 425 2895 Hos
438 2846 535 2896 Natura
549 2843 644 2895 modos
656 2841 774 2909 prinnini
785 2843 857 2895 dedit
867 2841 925 2903 3his
938 2858 1021 2912 genus
1032 2859 1115 2897 omne

366 2937 683 3011 Silvarumfruticunrque
692 2940 963 3010 viretnemorumque
972 2942 1115 2996 sacrorum.

404 3040 471 3091 Sunt
489 3040 552 3101 alii,
571 3056 639 3107 quos
656 3039 713 3106 ipse
731 3038 777 3091 vid
796 3039 843 3091 fibi
860 3039 980 3107 repperit
996 3040 1070 3092 usus.

367 3136 417 3188 Hic
436 3139 537 3202 plantas
556 3152 649 3188 tenero
668 3135 803 3187 abscidens
822 3137 854 3187 de
869 3152 984 3204 corpore
1003 3153 1115 3192 matrum

367 3234 503 3301 Deposuit
520 3235 619 3292 sudci53
635 3233 677 3284 hic
694 3232 787 3301 stirpes
806 3231 897 3285 obruit
912 3249 998 3294 arvo,

326 3357 357 3410 25
370 3330 587 3401 Quadrifidasque
605 3331 680 3385 sudes
697 3330 723 3384 δι
735 3344 814 3385 acuto
831 3331 928 3384 robore
945 3332 1054 3410 vallon
