2859 4325
465 687 537 746 in
568 655 909 743 Gnonotcn
1007 680 1059 765 57

295 800 346 874 in
362 803 502 873 Cilnium
513 852 529 887 ,
545 822 617 894 quae
631 819 712 893 gens
727 813 796 866 etat
815 789 958 863 Aretins
971 787 1061 861 urbis

311 900 346 972 in
364 896 510 970 Etruria.

357 997 414 1069 ΙΙ.
438 991 542 1067 Unde
560 1014 750 1088 cognomen
768 988 952 1058 Macenatis
965 987 986 1057 ἓ
999 983 1064 1056 In-

312 1091 395 1168 sulse
415 1089 550 1165 deducit
570 1087 780 1158 Becmannus
802 1082 845 1154 ab
864 1089 933 1181 ejus
955 1081 1061 1153 moti-

313 1189 394 1278 bus,
408 1187 504 1288 qubd
517 1181 647 1265 effctui
664 1185 779 1260 κοινός,
791 1208 854 1253 non
866 1186 1039 1253 communis
1042 1210 1059 1273 ‚-

313 1312 368 1360 aut
379 1287 426 1370 μὴ
440 1283 567 1359 καινός,
583 1309 646 1354 non
663 1306 764 1352 novus
780 1306 793 1349 .·
809 1303 889 1348 nam
902 1283 938 1348 &
952 1275 1061 1349 Graeci

313 1407 503 1481 numquam
516 1375 675 1477 negativis
690 1371 904 1460 nominibus,
916 1374 982 1455 μή,
1004 1372 1062 1446 sed

314 1481 515 1584 privativum
533 1500 555 1540 a
573 1473 766 1575 praefigunt:
786 1478 822 1543 &
844 1472 950 1544 Vano
974 1469 1062 1546 libro

314 1589 373 1671 7⁰.
390 1579 434 1650 de
448 1578 490 1648 L.
504 1575 581 1645 Lu
603 1572 677 1643 loco
698 1569 825 1641 diuum
848 1569 990 1640 testatur.
1004 1569 1063 1640 Est

314 1678 413 1777 igitur
436 1674 456 1744 ὲ
483 1667 722 1743 mediterraneo
748 1664 897 1765 quodam
924 1665 1063 1737 Etrutiae

316 1804 343 1947 oP
359 1765 669 1960 Ρὶᾴιιίοζηῗκὲεῗτ
678 1764 830 1934 lingo,
850 1788 923 1931 lqugg
943 1788 993 1932 gna
1005 1788 1063 1834 orn

408 1896 446 1942 us
472 1893 505 1938 v1
605 1893 677 1936 aen
713 1890 748 1932 ια
778 1888 850 1931 imu
989 1888 1063 1935 ace·

315 1979 405 2044 notia
425 1960 662 2047 commendat,
685 1959 746 2031 lib.
769 1986 826 2048 24.
849 1968 882 2030 6.

362 2066 440 2141 III.
467 2063 548 2155 Quo
567 2058 669 2130 modo
688 2058 796 2169 prima
815 2063 851 2128 &
872 2054 983 2128 media
1001 2082 1061 2128 co-

317 2161 486 2267 gnominis
514 2156 637 2254 syllaba
664 2153 829 2257 pingenda
853 2150 891 2226 fit
918 2157 931 2226 ?
958 2153 1062 2229 Certe

317 2263 448 2347 media,
465 2282 522 2357 pet
537 2286 553 2327 e
567 2256 706 2354 longum
719 2284 730 2350 3
743 2253 820 2352 quia
834 2251 949 2326 Graeco
959 2252 1062 2350 vulgo

317 2389 374 2464 per
388 2397 406 2452 η
422 2356 554 2455 legitur.
570 2353 705 2439 Prima,
725 2351 779 2424 vel
799 2377 855 2459 per
873 2379 914 2436 ι,
931 2348 985 2419 vel
1003 2374 1062 2448 pet

271 2464 274 2472 ’
317 2491 341 2536 oe
361 2489 374 2533 .·
395 2455 475 2554 quia
493 2453 529 2523 in
548 2450 712 2523 veteribus
736 2447 902 2519 codicibus
921 2467 1062 2542 utroque

317 2555 422 2630 modo
445 2549 628 2650 repetitut3
645 2574 702 2647 per
722 2576 741 2618 ι
760 2541 973 2641 frequentius.
989 2542 1061 2642 Igi-

317 2681 367 2728 tur
385 2676 514 2725 nomen
530 2647 698 2745 integrum
711 2642 794 2733 fuit,
819 2642 942 2717 CA1us
965 2641 1061 2716 Cu·

317 2778 416 2825 n1us
440 2747 658 2822 Mncnms.
857 2769 859 2774 ¹

603 3061 783 3191 ,Q

604 3186 782 3209 ’'n-—
