2859 4325
501 651 746 741 Lutra
809 652 861 746 V.
982 672 1056 780 283

310 817 422 873 Brachia
435 821 596 887 protendens
610 854 618 880 ‚
634 819 660 872 δι
674 823 799 875 verberat
815 821 912 877 idibus
930 842 1016 880 aurat.

311 902 842 988 Quaerittirhuicaliustnecquisqnamex
850 923 954 992 agmine
963 933 1040 977 tanto

310 1013 398 1065 Audet
407 1013 477 1066 adire
486 1012 770 1084 virum‚rnanibusqne
779 1015 903 1071 inducere
912 1017 1006 1071 cestus.
1038 1061 1042 1070 t

309 1107 1016 1184 Ergoalacris,cuneiosqueputansexcederepalntd,
1050 1117 1106 1186 380

310 1205 404 1258 AEneae
415 1201 486 1256 stetit
496 1217 557 1256 ante
568 1204 648 1271 pedes
658 1221 668 1264 ς
680 1218 730 1257 nec
744 1208 818 1273 plura
829 1222 966 1272 moratur,

309 1273 382 1359 'iiam
393 1300 461 1352 laevd
471 1310 576 1354 taurum
587 1315 671 1353 cornu
681 1315 756 1355 tenet
766 1335 773 1363 ‚
785 1317 865 1371 arque
876 1303 913 1356 ita
923 1306 993 1360 fatur
1004 1325 1014 1364 t

260 1426 268 1431 -
311 1400 379 1451 Nate
394 1397 452 1450 Ded
464 1435 471 1460 ‚
485 1397 505 1449 st
520 1413 602 1450 nemo
618 1399 697 1451 audet
714 1397 741 1452 se
757 1401 863 1453 credere
878 1408 993 1471 pugnat,

311 1495 380 1560 Qnae
389 1492 451 1547 finis
460 1491 561 1547 standi?
572 1509 626 1562 quo
639 1510 682 1547 me
691 1496 767 1548 decet
776 1495 860 1564 usque
870 1495 978 1549 teneri?

309 1590 416 1642 Ducere
427 1590 496 1642 dona
506 1587 577 1655 jube.
587 1588 683 1642 caneri
694 1591 770 1643 timul
781 1609 829 1645 ore
841 1589 987 1645 fremebant
1047 1596 1098 1663 385

308 1685 466 1739 Dardanidae
475 1722 482 1746 ,
492 1685 620 1755 reddique
628 1686 690 1739 viro
700 1687 967 1755 prorniss'ajubebant.

307 1782 361 1834 Hic
376 1783 465 1852 gravis
479 1783 613 1834 Entellum
628 1781 714 1834 diffisi
723 1782 832 1852 castigat
850 1783 975 1847 Acestes,

308 1878 452 1931 Proximus
468 1893 497 1931 ut
511 1877 644 1930 viridante
658 1893 722 1931 toro
736 1881 889 1933 consederat
905 1880 1010 1934 herbar
1090 1884 1095 1892 ‘

306 1973 411 2026 Entelle
421 2013 430 2039 ,
441 1956 553 2026 hernnm
565 1975 700 2043 quondam
711 1974 850 2046 fortiffinte
860 1973 971 2039 fnustrd,

307 2071 428 2123 Tantane
442 2085 496 2123 tam
513 2069 616 2139 patiens
632 2072 708 2122 nullo
724 2049 869 2124 eertarnine
884 2070 945 2125 tolli
992 2106 994 2112 .
1047 2085 1100 2141 390

307 2171 388 2221 Dona
399 2168 466 2221 fines
477 2170 487 2221 ἒ
499 2166 545 2220 ubi
555 2184 627 2219 nunc
638 2166 716 2221 nobis
728 2168 802 2222 Deus
814 2168 877 2230 ille,
887 2167 1010 2239 magistet
1049 2186 1050 2190 ¹

305 2264 900 2333 Nequidquamntemoratus‚Eryx?uhifama
909 2280 1073 2332 peromnem

306 2352 474 2414 Trinacriam
483 2398 491 2425 ,
500 2360 526 2413 δι
535 2360 621 2428 spolia
629 2360 675 2411 illa
686 2358 740 2411 tuis
753 2358 896 2427 pendentia
905 2358 1003 2413 rediit?

306 2457 355 2509 Ille
362 2457 470 2509 subhac
481 2475 487 2508 z
498 2457 561 2507 Non
570 2454 654 2507 laudis
665 2470 757 2513 amor,
767 2470 817 2507 nec
826 2452 910 2523 gloria
918 2452 991 2505 ceffit

305 2551 382 2606 Pulsa
392 2567 481 2611 metut
492 2548 616 2601 sedenim
627 2549 728 2618 gelidus
738 2550 857 2601 tardante
866 2547 970 2604 senestit
1044 2563 1095 2617 395

305 2644 1012 2717 Sanguisheber,frigentqueeffetaeinwrnotevirer.

306 2744 335 2797 Si
344 2744 491 2813 mihi,quae
500 2744 996 2815 quondamiuerat,qndqueirnprobus
1004 2742 1051 2797 iste

304 2842 425 2894 Exsultat
435 2839 519 2906 fidens
529 2876 537 2899 ‚
551 2841 570 2893 fi
584 2858 654 2892 nunc
664 2842 734 2893 foret
745 2840 791 2893 iila
801 2839 929 2902 intentat

305 2937 511 3005 Haudequidem
520 2937 607 3005 pretio
615 2935 736 2989 indueiur
746 2934 1034 3005 pulchroqueiuvencn

305 3033 442 3088 Veniffem
453 3053 460 3087 ε
471 3051 522 3087 nec
530 3036 597 3088 dona
606 3019 707 3087 mnror.
716 3034 760 3087 Sit
770 3032 977 3087 deindelocutns
1041 3048 1097 3100 400

304 3132 336 3183 In
348 3132 464 3184 medium
477 3133 600 3203 geminos
610 3132 725 3187 immani
737 3134 855 3203 pondere
867 3130 950 3185 cestua

303 3227 420 3293 Proiecit
432 3247 441 3290 3
455 3229 550 3299 quibus
565 3248 624 3285 acet
640 3233 713 3301 Eryx
732 3230 760 3283 in
777 3229 872 3300 proelia
887 3230 976 3293 (netas

303 3328 518 3395 terminantur,
529 3330 647 3400 duroque
658 3327 797 3384 intendere
806 3326 912 3382 brachia
923 3340 1011 3400 tergo·
