2859 4325
627 616 667 688 V
685 634 703 684 1
731 632 760 686 Τ
783 632 827 688 A.
1052 616 1119 710 xvij

320 737 438 795 llonteri
461 734 611 794 enrminurn
634 737 732 800 infun
757 754 885 810 preterea
908 736 1063 795 nominibus
1087 759 1118 796 ac

322 818 399 866 rebus
412 813 519 869 Graecis
529 812 685 881 Latinisque
695 829 858 873 conrnune·¹
875 812 1008 884 &inquo
1020 853 1029 876 .
1043 818 1119 885 quod

323 885 442 940 nrtxime
459 887 598 946 studebat.
615 887 743 940 Romane
760 887 836 940 simul
853 885 927 940 urbis
944 888 971 940 dr
987 888 1121 959 Augusti,

324 961 401 1031 origo
420 961 619 1014 contineretur.

298 1034 300 1041 '
360 1034 431 1088 Cium
450 1035 588 1104 Georgica
604 1032 749 1098 scriberet,
765 1033 879 1087 traditur
894 1033 1014 1104 quotidie
1031 1034 1120 1088 medi·

329 1120 394 1161 raros
413 1107 495 1161 marte
512 1107 643 1177 plurimos
657 1108 751 1161 versus
762 1107 861 1161 cidare
877 1108 1008 1172 solitum,
1026 1125 1058 1161 ac
1069 1126 1119 1178 per

326 1194 414 1234 rorum
437 1181 509 1235 diem
533 1180 698 1234 retractando
723 1183 757 1234 acl
778 1179 948 1250 paucissimos
969 1181 1089 1251 redigere
1108 1216 1120 1241 ‚

324 1270 382 1307 non
401 1254 514 1309 absurde
528 1271 634 1308 carmen
650 1255 697 1320 se,
718 1254 786 1307 ursas
800 1271 896 1320 more,
915 1271 1006 1323 parere
1024 1256 1119 1308 dicen·

324 1342 401 1390 tent,
419 1329 446 1382 dt
468 1331 608 1382 lambendo
629 1330 736 1382 demum
752 1328 886 1398 effingere.
906 1328 1018 1382 AEneida
1036 1330 1120 1398 prosi

323 1401 399 1468 priris
416 1403 542 1455 oratione
558 1404 721 1466 formatam,
738 1400 915 1474 digestamque
930 1400 960 1455 in
975 1402 1119 1456 duodecim

324 1474 411 1527 libros
423 1514 431 1539 ‚
448 1476 631 1545 particulatim
643 1491 807 1544 componere
818 1474 950 1534 instituit,
966 1491 996 1529 ut
1008 1476 1119 1545 quidam

325 1551 443 1601 tradunt.
455 1551 510 1602 Alii
521 1548 579 1614 ejus
590 1549 728 1602 sententia
741 1550 801 1602 sunt
811 1587 821 1614 ,
832 1564 863 1601 ut
874 1547 1028 1603 existiment
1038 1567 1118 1614 eum,

325 1621 344 1673 si
359 1623 463 1675 diutius
484 1622 613 1682 vixisset,
633 1639 748 1692 quatuor
765 1625 793 1676 dr
813 1623 915 1692 viginti
931 1623 1015 1677 libros
1032 1623 1119 1692 usque

325 1696 357 1749 ad
370 1695 481 1765 Augusti
497 1712 619 1764 tempora
635 1697 813 1764 scripturum,
832 1712 913 1766 atque
928 1695 979 1749 alia
995 1699 1118 1764 quadarn

324 1771 535 1836 percursurum·,
556 1769 664 1838 Augusti
681 1768 750 1823 verb
766 1769 836 1838 gesta
852 1768 1048 1841 diligenriffitnb
1066 1787 1118 1823 ex·

325 1843 500 1896 secuturum:
514 1843 614 1912 quippe
625 1842 688 1911 qui,
706 1845 770 1895 dum
785 1842 927 1906 scriberet,
941 1843 1053 1913 nequid
1068 1844 1119 1896 im·

325 1933 421 1984 petum
435 1933 602 1974 moraretur,
621 1919 742 1984 quaedam
757 1916 911 1985 impersedla
923 1916 1052 1987 reliquit:
1065 1917 1118 1971 alia

326 1988 468 2043 let-illimis
483 1991 600 2044 versibus
616 1990 700 2042 veluti
715 1989 804 2050 rulfirr
818 2005 887 2059 quos
900 2005 948 2058 per
959 1988 1050 2056 jocum
1065 2007 1118 2061 pro

327 2062 424 2131 tigillis
439 2065 483 2117 vel
499 2062 652 2116 tibicinibus
666 2063 831 2128 interponia
847 2064 875 2117 se
888 2063 1011 2123 dicebar,
1026 2064 1058 2117 ad
1073 2065 1118 2117 su·

327 2134 477 2190 sinendum
494 2153 582 2206 opus,
599 2138 685 2190 donec
700 2137 791 2190 solide
806 2138 937 2192 columna
951 2139 1118 2192 advenirent.

364 2210 489 2264 bucolica
508 2211 645 2269 triennio,
663 2211 746 2263 Annii
763 2210 895 2264 Pollionis
912 2212 1009 2269 suasu,
1030 2213 1118 2281 perse-

329 2282 375 2336 tir.
400 2285 454 2337 llic
471 2285 683 2355 Transpadanam
703 2283 872 2352 provinciam
893 2287 1020 2355 regebam
1040 2286 1117 2353 cujus

327 2356 440 2421 favore,
460 2358 520 2410 crim
538 2358 670 2410 veteranis
686 2357 795 2427 Augusti
809 2358 939 2411 militibus
951 2359 1120 2411 Cremonen‘

327 2429 394 2481 sium
405 2431 432 2483 br
444 2432 650 2485 Mantuanorum
661 2430 717 2499 agri
729 2430 960 2488 distribuerentur.
979 2432 1043 2484 suos
1054 2434 1119 2484 Vir·

327 2503 410 2571 gilius
429 2497 485 2556 non
502 2504 586 2557 amisit
602 2523 610 2559 r
628 2502 697 2557 faus
718 2502 790 2555 enim
809 2503 1014 2565 distributione,
1034 2505 1120 2572 suns,

326 2577 374 2628 seu
394 2574 527 2642 Claudio,
548 2579 592 2631 seu
613 2578 691 2629 Arrio
711 2579 788 2629 datos
810 2577 1014 2648 recuperaverit.
1038 2580 1117 2632 Hunc

329 2649 482 2703 Pollionem
499 2651 614 2705 maximi
631 2651 731 2704 amavit
751 2652 848 2715 Maro,
868 2653 894 2704 &
907 2652 1019 2706 dile&us
1033 2655 1065 2706 ab
1081 2671 1116 2705 eu

328 2739 422 2793 magna
445 2741 554 2778 munera
576 2724 637 2779 tulit
653 2743 661 2777 r
678 2725 776 2794 qnippe
793 2726 839 2795 qui
857 2725 987 2778 invitatus
1008 2728 1041 2779 ad
1058 2742 1117 2780 coe·

327 2812 409 2860 nam,
429 2813 521 2867 captus
537 2799 735 2869 pulchritudine
753 2801 779 2851 ἃ
796 2800 936 2869 diligentis
953 2801 1096 2853 Alexandri
1107 2838 1118 2860 .

327 2870 458 2943 Pollionis
474 2873 570 2940 pueri,
584 2889 646 2925 eum
663 2874 736 2924 dono
754 2872 866 2941 accepit.
883 2871 968 2936 Huius
986 2873 1116 2927 Pollionis

325 2943 411 2996 filium
426 2980 434 3005 ‚
449 2943 482 2996 C.
500 2945 636 3005 Afinium,
655 2947 682 2998 dt
697 2947 853 2998 Cornelium
870 2944 998 3006 Gallum,
1014 2947 1117 3000 Orato-

324 3035 380 3070 rem
393 3022 512 3080 clarum,
526 3021 550 3071 ὰ
562 3019 672 3073 Po'e'tam
685 3034 741 3070 nort
752 3019 932 3081 mediocrem,
944 3020 1013 3072 miro
1024 3038 1116 3074 aurore

323 3092 422 3144 dilexit
437 3092 581 3161 Virgilius.
599 3092 651 3145 Hic
667 3091 757 3161 primo
773 3093 801 3144 in
813 3093 930 3146 amicitia
941 3093 1051 3146 Caesaris
1064 3098 1117 3147 llu-

325 3165 390 3234 gusti
407 3164 460 3218 suit
476 3182 483 3217 ε
500 3165 588 3232 postea
604 3166 632 3218 in
647 3165 828 3231 suspicionem
844 3166 1037 3224 coniurationis
1049 3185 1117 3220 con·

324 3254 362 3290 rra
382 3239 460 3291 illum
478 3239 622 3301 addudm,
643 3239 746 3292 occisus
764 3238 809 3291 est.
830 3240 931 3294 Versum
947 3241 1029 3311 usque
1046 3240 1114 3295 adeb

320 3313 391 3365 bunc
410 3313 520 3365 Gallum
537 3312 667 3381 Virgilius
684 3314 802 3380 amiras,
823 3328 853 3365 ut
868 3331 976 3384 quartus
993 3314 1113 3383 Georgi·

321 3402 433 3451 corum,
453 3403 469 3438 a
484 3385 575 3440 ntedio
589 3388 672 3453 usque
689 3390 721 3438 ad
735 3386 836 3446 finem,
853 3386 910 3448 eius
925 3390 1028 3440 laudem
1044 3404 1111 3439 cou-

320 3461 439 3519 tiueret;
456 3476 537 3528 quem
556 3459 663 3526 postea,
682 3459 789 3527 jubente
806 3460 940 3534 Augusto,
961 3461 990 3512 in
1008 3460 1110 3515 tristari

318 3533 431 3589 sabulum
448 3533 638 3591 commutavit.
935 3536 952 3587 b
970 3533 1000 3601 iij
