2859 4325
568 649 620 693 ru
648 631 859 693 AEurruu
1007 628 1075 718 361

286 784 289 799 ,
385 748 441 794 207.
707 736 770 784 Pars
782 750 855 785 cetera
869 747 965 799 pontum

287 805 288 816 ¹
431 808 495 857 Pone*
507 809 581 874 legit,
603 826 710 878 ruuntque
723 809 833 872 immensa
843 809 959 857 volumine
972 822 1044 872 terga.
1065 805 1068 811 ’

295 918 297 921 .
349 883 388 932 Sic
405 884 426 932 A
442 887 466 932 δι
481 884 521 944 B;
537 883 568 934 ric
584 887 657 936 habet
677 884 734 936 cod.
754 883 848 940 Medic,
861 881 903 934 sed
921 899 1017 950 apparet
1031 881 1072 936 ua.

347 957 422 1010 buiffe
436 960 546 1013 codicem
563 966 622 1030 Reg.
642 965 682 1014 xi.
694 981 714 1013 s.
725 963 839 1026 struant,
858 965 927 1028 supra
944 961 1011 1029 quod
1028 962 1070 1015 ad·

343 1037 460 1104 scriptum
475 1041 581 1106 legitur,
595 1060 639 1108 pro
655 1048 888 1109 interpretamento,
905 1057 1003 1098 curvat,
1018 1059 1071 1093 nra-

342 1130 396 1173 nu,
413 1132 439 1165 ut
455 1116 568 1179 viderur,
587 1118 713 1186 ejusdem,
729 1135 770 1169 aut
786 1120 870 1169 saltem
883 1119 993 1185 proximd
1009 1122 1070 1189 ejrrs·

343 1191 401 1242 dem
420 1200 542 1262 temporis.
560 1197 676 1248 Ceterdm
690 1233 700 1255 ,
716 1197 811 1262 suruanr
830 1201 883 1249 suos
906 1203 979 1251 etiam
996 1199 1069 1249 habet

342 1270 418 1322 codd.
433 1278 468 1325 ira
484 1292 511 1327 ut
528 1313 536 1337 ,
552 1277 599 1329 five
605 1277 717 1341 firmam,
734 1278 781 1330 five
790 1279 869 1342 sinuat
880 1282 1001 1345 accipias,
1015 1295 1070 1344 par·

341 1350 367 1396 vi
382 1349 481 1400 intersit.
503 1353 588 1402 Sinuue
603 1353 704 1404 refertur
720 1350 751 1403 ad
763 1369 822 1418 pars
840 1353 932 1408 altera,
951 1355 1068 1405 inversu

341 1425 443 1490 praeced.
453 1426 548 1488 finuaent
560 1429 619 1479 verd
635 1428 666 1479 ad
684 1446 788 1494 angues,
806 1431 874 1481 versu
890 1446 945 1490 204.
964 1430 1042 1494 supra.

377 1517 431 1558 3¹9·
450 1503 554 1552 Panrius
571 1505 714 1571 Othryades.
733 1507 770 1554 Sic
786 1504 937 1555 scribendum
952 1509 1025 1565 etiam
1040 1510 1068 1559 in

339 1579 407 1626 versu
421 1579 529 1643 praeced..
540 1582 662 1642 Panthus,
677 1597 704 1632 ur
719 1585 745 1632 in
761 1582 782 1633 A
796 1587 821 1632 δι
837 1583 875 1637 Β,
893 1586 918 1632 &
934 1581 990 1632 cod.
1003 1585 1064 1648 Reg.

338 1652 380 1702 Χῖ.
393 1671 412 1703 s.
433 1673 482 1705 nou
504 1659 618 1718 Pontos,
639 1660 744 1707 Punicus
761 1692 769 1718 ,
787 1659 930 1718 Pentheus,
950 1662 999 1709 &c.
1020 1675 1065 1709 uec

340 1731 470 1794 Orrrddes,
486 1735 612 1800 Oryriudes
624 1738 673 1783 dcc.
689 1737 782 1784 variant
796 1737 861 1783 enim
871 1733 977 1784 multum
989 1734 1063 1806 codd.

336 1810 467 1872 prasertim
488 1811 550 1857 circa
568 1811 666 1857 nomina
686 1824 771 1872 graeca.
790 1807 835 1857 Ista
856 1823 937 1858 autem
953 1811 1008 1859 sunt
1025 1826 1063 1875 gr.

336 1882 452 1943 nudus,
466 1891 492 1935 δι
516 1886 608 1942 nadre
631 1885 756 1954 'inuisdre
774 1903 783 1945 3
804 1883 866 1935 unde
885 1885 913 1935 fit
930 1889 1062 1939 invocat.
1137 1906 1141 1910 ·

336 1966 450 2025 Panthu,
466 1984 492 2014 v.
514 1984 569 2028 322.
1055 2020 1058 2024 .

368 2046 425 2104 408.
443 2048 478 2092 Et
494 2046 546 2106 sese
567 2045 666 2093 medium
690 2045 768 2106 injecit
787 2045 904 2110 periturus
923 2045 947 2094 iu
971 2061 1062 2110 agmen.
1138 2074 1144 2091 .

334 2121 373 2169 Sic
390 2122 479 2171 habent
494 2122 513 2171 A
531 2122 613 2180 &133
630 2123 704 2173 habet
718 2125 789 2172 eriam
809 2120 865 2175 cod.
882 2121 974 2174 Medic.
992 2122 1059 2175 cod.

332 2197 392 2247 vero
408 2200 468 2263 Reg.
485 2195 525 2246 X¹.
540 2215 559 2247 s.
576 2200 664 2258 habet,
680 2213 708 2249 ut
722 2198 796 2263 vulgo
811 2198 898 2263 legitur
913 2200 1058 2259 moriturus3

332 2272 374 2322 sed
390 2275 478 2337 juxtd,
493 2279 519 2324 iu
538 2280 645 2341 margine
658 2311 668 2338 ,
681 2274 828 2342 adscriptum
844 2277 931 2341 legitur
946 2294 955 2327 .·
972 2294 998 2327 ar
1016 2294 1059 2343 pe-

335 2364 432 2398 risurus.

366 2439 421 2491 506.
439 2425 543 2489 Forfiran
559 2425 603 2486 ὁ,
620 2428 711 2478 Priami
722 2429 811 2491 fuerint
825 2447 874 2495 quae
888 2429 965 2491 fera,
983 2432 1058 2497 requi·

327 2520 381 2553 res.
399 2505 421 2553 Α
436 2508 461 2554 δι
478 2504 497 2553 Β
516 2504 604 2553 habent
624 2506 745 2571 requiris:
762 2504 803 2555 sed
816 2506 890 2555 nostri
907 2503 980 2556 codd.
1001 2507 1058 2558 Me·

328 2579 378 2631 dic.
397 2582 495 2631 scilicet.
512 2586 537 2631 δι
555 2583 614 2647 Reg.
631 2584 673 2634 Χῖ.
684 2601 704 2633 r.
719 2585 807 2635 habent
822 2584 933 2650 requires.

364 2675 419 2720 507·
442 2656 509 2704 Urbis
525 2655 560 2705 uri
574 2672 647 2721 eaprae
664 2657 744 2720 casum
758 2662 807 2707 dcc.
824 2661 862 2708 Sic
877 2660 966 2709 habent
979 2659 1053 2711 nostri

327 2729 402 2782 codd.
425 2727 534 2779 Heinsius
549 2732 623 2779 etiam
642 2730 744 2779 restituit
762 2747 789 2779 ex
806 2730 953 2781 melioribus.
969 2730 1052 2796 Vulgd

329 2810 416 2875 legitur
431 2808 489 2866 ubi3
506 2804 574 2871 quod
588 2809 668 2873 inquit
680 2806 713 2856 D.
730 2807 814 2870 Heyue
824 2843 834 2869 ‚
846 2810 1052 2873 interpretamenti

327 2885 384 2933 ioco
401 2878 447 2929 effe
463 2880 547 2945 potest:
976 2940 978 2943 Α

360 2960 414 3022 518.
432 2956 575 3009 iuvenilibus
593 2956 675 3007 armis.
697 2956 760 3006 Usus
782 2958 846 3024 apud
867 2976 911 3011 nos
928 2956 1048 3017 invaluit,

324 3052 351 3086 ut
362 3037 489 3085 scribamus
496 3035 639 3097 juvenilibus
650 3052 694 3101 pro
700 3036 850 3097 juvenalibus
860 3073 869 3098 ‚
881 3038 948 3105 quod
959 3040 1048 3089 habent

323 3110 397 3162 codd.
415 3115 441 3162 δι
461 3111 517 3162 edd.
535 3128 594 3164 vert.
611 3114 736 3163 scribimus
754 3113 896 3175 juvenilibus
914 3117 1001 3172 annis,
1019 3129 1048 3165 ut

316 3184 430 3250 fenilibus
447 3187 535 3243 anuis3
551 3187 652 3248 juvenili
670 3202 763 3243 atate,
782 3202 809 3237 ut
828 3204 897 3238 arare
908 3188 988 3251 finili.
1006 3191 1046 3241 sie

317 3266 396 3317 eciam
417 3264 542 3316 scribimus
558 3267 666 3329 conjux,
687 3282 738 3331 non
756 3266 853 3317 coniunx
866 3284 877 3324 ς
893 3268 1042 3346 suudauges,

799 3350 885 3435 ριν
