2859 4325
506 594 837 682 LranrtI.
961 604 1039 710 169

302 761 437 818 Maximus
451 762 567 817 Ilioneus
580 761 685 831 placido
701 761 736 814 fic
752 760 861 830 pesiore
877 759 978 827 coepite'
1082 750 1084 754 ’

303 863 331 915 Ο
343 863 449 932 regina,
462 878 562 915 novam
573 861 616 914 cui
627 862 743 913 condere
752 858 857 927 Jupiter
867 859 975 923 urbem,

303 958 458 1028 institisque
472 958 544 1012 dedit
558 973 650 1027 gentes
664 957 767 1010 stenare
784 956 924 1025 superbas,

304 1057 390 1109 Trois
407 1071 433 1109 te
450 1055 559 1118 miseri,
575 1053 664 1106 ventis
683 1053 765 1106 maria
782 1052 873 1105 omnia
887 1051 958 1106 veui
970 1037 987 1116 ,’

304 1151 440 1204 Oramus:
457 1149 570 1218 prohibe
587 1149 710 1200 infandos
728 1149 869 1203 anavibus
889 1148 984 1218 ignem
1043 1163 1093 1214 525

305 1245 386 1299 Parce
400 1245 450 1314 ¹pio
468 1243 577 1314 generi,
594 1245 620 1296 bt
636 1244 747 1311 propius
763 1261 804 1296 res
819 1243 906 1311 aspice
919 1244 1029 1298 nostras.

306 1344 373 1398 Nou
386 1359 438 1395 nos
453 1342 585 1394 aut-serto
602 1340 720 1409 Libycos
737 1343 865 1408 populate
881 1341 991 1396 Penates

295 1439 440 1505 ¹Venimus
457 1475 465 1502 ,
482 1452 528 1490 aut
545 1453 631 1505 raptas
649 1439 681 1490 ad
697 1436 790 1490 littora
808 1452 912 1490 vertere
933 1439 1053 1506 ptaedas:

308 1536 374 1588 Non
391 1552 423 1588 ea
437 1534 480 1588 vis
496 1533 605 1598 auimo,
622 1549 672 1594 nec
688 1548 762 1585 tanta
778 1533 900 1602 superbia
918 1533 1008 1588 vistis.

308 1632 352 1686 Est
361 1634 437 1691 loeus
447 1670 455 1696 ‚
467 1630 622 1700 Hesperiam
633 1629 711 1685 Graii
720 1629 883 1701 cognomine
894 1628 985 1683 dicunt
996 1669 1003 1694 ,
1049 1649 1061 1698 5
1065 1648 1101 1701 3⁰

309 1730 393 1783 Terra
404 1727 527 1798 antiqua,
536 1742 632 1797 potens
641 1726 721 1778 armis
731 1762 739 1790 ,
751 1740 830 1794 atque
840 1727 919 1779 ubete
931 1727 1028 1795 gleba:

311 1825 416 1880 <Eueni
432 1823 538 1878 coluere
554 1822 608 1876 viri
617 1842 626 1882 t
641 1839 711 1880 nune
725 1822 813 1881 fama,
829 1821 949 1877 minores

310 1923 415 1977 Italiam
432 1919 525 1974 dixisse
540 1919 614 1972 ducis
630 1921 662 1972 de
678 1917 789 1971 nomine
805 1933 922 1991 gentem.

312 2021 373 2074 Huc
390 2020 479 2073 cursus
495 2019 564 2076 suit:
829 2014 832 2020 ’

313 2117 382 2172 Ciam
398 2116 486 2173 subito
501 2117 635 2188 assurgens
651 2116 734 2174 flusiu
751 2116 887 2174 nimbosus
905 2073 996 2174 Orion
1050 2135 1061 2184 5
1067 2134 1100 2189 35

312 2218 347 2270 ln
362 2218 428 2270 vada
443 2233 512 2270 caeca
526 2216 604 2277 tulit,
620 2216 778 2285 penitusque
794 2215 949 2284 procacibus
964 2215 1085 2280 Ausiris,

315 2310 416 2381 Perque
429 2313 528 2376 undas,
545 2312 684 2380 superante
702 2312 775 2376 saio,
790 2322 890 2380 perque
905 2312 979 2365 invia
996 2314 1058 2365 saxa

315 2407 453 2477 Dispulit:
468 2410 520 2462 huc
536 2410 616 2477 pauci
632 2408 726 2461 vestris
740 2396 896 2460 adnavimus
911 2408 978 2460 otis.

296 2482 300 2489 Ι
316 2502 1162 2573 Quodgenushochominumiquaevebunctambarbaramoretu

316 2598 450 2652 Permittit
461 2599 545 2667 patria
556 2597 566 2649 i
578 2599 697 2668 hospitio
708 2600 881 2669 prohibemur
890 2616 975 2653 arenae
986 2617 993 2653 ε
1008 2606 1013 2616 “
1054 2617 1106 2668 540

318 2696 392 2750 Bella
408 2696 478 2748 cient
491 2730 499 2756 ,
517 2694 658 2765 primique
673 2711 767 2753 vetant
782 2695 920 2751 consistere
935 2696 1014 2756 tetri.

319 2794 348 2845 Si
365 2810 446 2862 genus
463 2794 608 2847 humanum
623 2794 650 2850 bt
669 2794 793 2847 mortalia
809 2792 929 2848 temnitis
945 2773 1034 2854 annae

319 2893 355 2942 At
369 2890 469 2957 sperate
485 2892 561 2944 Deos
578 2906 712 2944 memores
729 2891 800 2947 sandi
815 2907 895 2961 atque
912 2891 1027 2945 nefandi.

320 2987 381 3039 Rex
396 3001 451 3038 erat
467 2986 566 3039 AEneas
581 2985 678 3061 nobis,
695 3004 751 3056 quo
769 2986 861 3052 iustior
879 2990 945 3041 aiter

283 3124 301 3158 q
320 3086 379 3137 Nec
392 3081 491 3150 pietate
505 3082 574 3142 suit,
590 3098 638 3135 nec
652 3085 722 3135 bello
738 3081 823 3149 maior
839 3085 865 3137 δι
880 3083 971 3138 armis.
1055 3102 1105 3154 545

322 3178 411 3243 Quem
427 3175 446 3228 fi
463 3179 525 3230 Fata
540 3177 628 3231 virum
647 3180 771 3243 servant,
785 3179 803 3231 fi
819 3180 935 3233 vescitur
950 3179 1012 3234 auri

322 3272 466 3338 simetrii,
482 3291 569 3345 neque
583 3274 668 3331 adbuc
682 3276 830 3333 crudelibus
846 3277 956 3333 occubat
972 3278 1089 3345 umbris,

362 3366 448 3421 Tomis
466 3367 490 3425 I.
974 3375 1001 3429 Η
