2859 4325
533 641 586 687 rrr
615 629 828 688 AEnnrne.
979 616 1036 703 381

316 724 409 778 nunti
425 727 547 793 referam,
565 731 693 800 rependam
716 748 808 795 morte,
825 733 851 782 in
872 728 923 796 ipsi
940 743 1038 782 morte.

317 807 392 872 usque
408 805 578 871 admorte'm,
596 826 725 878 antequam
744 814 854 869 moriar,
871 807 904 858 fic
920 810 985 858 enim
1001 811 1039 857 in·

316 897 460 948 terpretatur
476 883 550 936 didus
564 888 598 937 D.
619 889 712 951 Heyne.
735 888 838 938 Videtur
853 900 934 954 tamen
948 884 1039 951 impli-

319 963 373 1010 cior
399 967 425 1012 dc
448 967 524 1029 magis
552 963 584 1014 ad
600 967 700 1041 ‘sensum
723 969 864 1026 orationis,
891 965 961 1014 leuio
983 962 1040 1014 cod.

320 1037 414 1089 Medic.
430 1041 493 1090 Utra
507 1039 605 1090 demum
622 1040 650 1091 fit
665 1045 763 1107 potior,
780 1040 885 1093 viderint
896 1039 1000 1092 Eruditi.

353 1126 412 1178 464.
428 1118 556 1184 Multoque
565 1132 675 1182 preterea
690 1133 772 1167 varum
782 1119 892 1183 pradiua
902 1117 1004 1183 piorum.

383 1193 490 1243 Terribili
500 1195 587 1243 monitu
596 1193 734 1256 horrificant.
744 1194 841 1243 Piorum
851 1193 937 1258 legitur
947 1195 971 1242 in
983 1189 1041 1243 coci.

321 1268 415 1323 Medic.
436 1274 461 1320 dt
476 1269 532 1322 cod.
552 1272 610 1336 Reg.
628 1270 668 1319 Χῖ.
685 1287 704 1320 s.
726 1273 824 1320 retinuit
844 1274 915 1320 etiam
933 1266 1042 1320 Heinsius

322 1345 397 1398 codd.
412 1349 560 1397 auctoritate.
578 1348 598 1395 Α
615 1350 640 1396 dt
656 1346 693 1406 Β,
710 1349 735 1395 &
755 1362 838 1396 omnes
858 1345 908 1396 ferd
925 1343 982 1395 ediri
999 1348 1042 1396 he·

320 1424 380 1472 bent
392 1424 512 1488 priorum:
528 1421 570 1472 sed
582 1422 691 1488 predidia
702 1422 805 1487 priorum
821 1422 887 1488 Juxtd
901 1457 909 1481 ,
925 1421 987 1472 maid
1003 1425 1042 1472 so·

321 1503 503 1552 narrantibus.
522 1502 546 1551 Si
566 1504 630 1550 enirn
649 1517 690 1566 per
704 1501 814 1566 pradilia
834 1500 953 1564 intelligas
965 1499 1043 1565 prisce

322 1578 451 1634 uaticinia,
465 1595 492 1628 ut
505 1581 671 1643 interpretatur
686 1580 789 1638 Ruaeus,
808 1579 858 1643 ipsa
874 1594 921 1626 vox
931 1576 1044 1641 praeiere

316 1658 381 1706 'satis
394 1654 484 1706 indicat
499 1655 557 1704 ilios
570 1654 623 1719 pios
635 1668 704 1702 ‘nares
716 1689 725 1714 ‚
736 1670 801 1704 vates
814 1656 911 1709 sacros,
929 1652 1044 1729 divinoe,
1091 1684 1093 1688 ι

324 1751 428 1803 quorum
442 1735 518 1799 prisca
530 1735 643 1783 vaticinia
655 1733 782 1782 revocabat
795 1735 820 1782 in
834 1735 941 1781 animum
954 1729 1043 1793 Dido,

323 1817 374 1881 jam
390 1809 550 1871 anteceffiffe‚
568 1811 608 1861 vei
625 1808 726 1860 extitisse
743 1815 768 1860 in
786 1827 836 1861 aevo
852 1813 934 1875 priori.

359 1898 415 1944 629.
433 1886 537 1950 Pugnenr
553 1883 651 1949 ipfipue,
667 1885 808 1951 nepotesque.
826 1887 863 1934 Sic
881 1885 970 1933 habent
985 1882 1043 1934 cod.

322 1958 418 2012 Medic.
435 1957 490 2008 cod.
507 1960 566 2023 Reg.
582 1958 623 2006 Χῖ.
641 1975 659 2006 s.
679 1958 766 2024 aliique
783 1961 907 2023 potiores,
925 1957 943 2006 B
961 1961 1043 2007 etiam.

324 2033 409 2099 vulgo
424 2034 510 2098 legitur
521 2047 622 2098 pugnent
636 2031 717 2099 rpfique
731 2049 839 2097 nepotes:
855 2048 907 2097 quae
922 2032 992 2081 leuio
1009 2035 1045 2082 es·

291 2148 293 2150 -
325 2114 362 2162 set
375 2108 519 2171 retinenda,
535 2125 563 2158 ex
577 2108 693 2158 sententii
705 2108 739 2157 D.
751 2109 834 2173 Heyne
848 2113 873 2158 δι
888 2107 1045 2177 rejiciendum

324 2193 374 2240 hoc
388 2190 532 2255 postremum
546 2208 607 2256 que,
622 2205 649 2239 ut
665 2187 799 2239 redundans
815 2194 841 2237 in
851 2189 955 2238 clausuli
971 2194 1045 2241 totius

327 2267 449 2315 sententiat
468 2268 493 2313 dc
509 2268 632 2315 orationis.
657 2265 767 2325 Verdm,
786 2264 859 2315 codd.
881 2266 997 2325 obstant,
1018 2270 1044 2316 δι

327 2340 377 2403 ipse
398 2340 516 2387 retinuit:
538 2336 643 2389 alludere
667 2342 741 2390 eriam
764 2337 859 2392 videtur
879 2341 946 2389 versu
968 2341 1044 2392 altero

325 2419 413 2483 supra:

358 2492 360 2497 ’
375 2496 444 2546 Nune
450 2528 459 2556 ,
470 2495 542 2553 olim,
553 2512 690 2563 quocumque
700 2491 786 2543 dobunt
792 2491 819 2555 se
829 2507 927 2557 tempore
935 2492 1005 2543 vires.

606 2608 698 2661 LIB.
732 2607 765 2657 V.

359 2721 401 2775 96.
584 2709 659 2759 Cedit
675 2707 741 2756 binas
759 2709 786 2757 de
800 2725 861 2759 more
877 2709 996 2774 bidentes,

379 2788 466 2851 Totque
474 2783 547 2846 sues,
562 2784 656 2833 totidem
670 2782 786 2847 nigrantes
797 2800 859 2849 terga
870 2786 990 2846 juvencos.
1006 2790 1045 2841 Sic
1112 2825 1114 2830 -

327 2863 400 2913 habet
412 2860 467 2910 cod.
479 2859 571 2909 Medic.
585 2858 676 2919 Quinas
687 2859 759 2907 habet
771 2857 827 2908 cod.
842 2862 901 2925 Rrg.
919 2862 958 2911 xi.
969 2880 988 2913 r.
1004 2863 1046 2916 sed

325 2937 410 2996 mele,
425 2951 452 2986 ut
470 2938 578 2986 etiamn
596 2939 621 2989 dt
636 2935 671 2988 B.
689 2950 742 3000 quar
767 2938 826 2983 item
848 2938 936 2989 habent
952 2942 1046 3005 quinos.

324 3014 424 3068 Inferias
434 3015 518 3078 agebat
532 3012 617 3061 AEneas
630 3011 754 3060 adcineres
768 3010 837 3076 ipfius
852 3012 930 3076 &offlr
942 3021 1047 3082 parentis

327 3089 419 3155 (supra
443 3089 507 3155 55.)
528 3088 620 3150 Inferiae
641 3102 722 3137 autern
746 3086 834 3138 Rufino
851 3089 947 3159 (antiq.
971 3096 1044 3147 Rom.

327 3164 361 3218 Y.
380 3181 417 3229 39.
429 3163 439 3232 )
453 3162 510 3227 sunt
523 3162 593 3226 sacra
610 3177 772 3225 mortuorum,
789 3181 838 3231 que
852 3166 938 3229 Inferis
948 3169 1047 3233 solvunq
