2859 4325
408 638 663 738 Lim
724 644 844 735 III.
938 682 1010 768 ¹¹5

290 814 397 871 urbitius
417 817 445 868 ἃ
461 828 590 884 torquens
606 812 737 866 flaventes
753 813 815 867 Ister
832 830 943 876 arenas;
1010 833 1062 885 35⁰

290 929 378 982 uaque
394 913 465 965 redit
477 910 595 963 medium
607 911 740 979 Rhodope
755 911 877 979 porrecta
894 913 941 964 sub
956 929 1045 966 axem.

290 1009 320 1062 .ic
335 1009 423 1063 clausa
439 1022 533 1062 tenent
548 1007 653 1061 stabulis
665 1023 784 1061 armenta
798 1027 806 1068 ;
821 1026 908 1079 neque
923 1012 984 1062 ullae

290 1122 319 1159 ut
334 1107 425 1160 herbae
436 1122 533 1174 campo
544 1119 688 1173 apparent,
702 1121 748 1157 aut
758 1108 851 1160 arbore
863 1108 990 1162 frondeat
1061 1160 1062 1163 ,

290 1206 317 1258 ed
329 1203 401 1272 jacet
415 1204 556 1274 aggeribus
574 1203 663 1255 niveis
681 1202 805 1256 informis
823 1205 848 1257 ἃ
865 1208 921 1258 alto
963 1208 972 1216 '
1104 1268 1107 1276 .

291 1319 347 1356 erra
364 1305 427 1374 gelu
443 1300 518 1366 iate,
533 1299 816 1372 septemque'assurgit
833 1301 861 1353 in
876 1304 972 1355 usnasa
1011 1317 1060 1370 ³55
1128 1348 1131 1357 .

290 1415 377 1468 {anper
392 1399 496 1461 hierna,
514 1398 619 1468 semper
632 1397 764 1466 spirantes
778 1397 877 1467 frigora
894 1395 982 1450 Cauri.

290 1513 335 1549 una
353 1497 401 1550 Sol
418 1500 550 1566 pallentes
566 1497 636 1549 haud
654 1512 780 1565 umquam
796 1494 904 1548 discutit
918 1495 1042 1549 umbras:

292 1608 322 1646 ec
337 1592 399 1647 ciam
411 1591 536 1646 ioveaua
551 1591 627 1661 equis
640 1595 724 1644 altum
736 1591 804 1660 petit
814 1593 911 1644 aerhera
922 1608 931 1652 3
944 1608 992 1644 nec
1002 1592 1063 1649 cum

290 1689 434 1759 recipitem
450 1689 556 1742 Oceani
570 1691 651 1742 rubro
665 1690 733 1742 lavit
748 1705 856 1758 aequorc
873 1704 990 1741 currum.

290 1784 558 1839 puerescunt-subita
575 1788 693 1837 currenti
709 1785 738 1837 in
753 1783 865 1838 flumine
880 1783 986 1848 crustae,
1011 1783 1064 1851 360

292 1884 397 1952 adaque
413 1881 467 1947 iam
485 1897 561 1953 tergo
581 1883 693 1935 serratos
710 1881 818 1934 sustinet
836 1883 932 1943 orbes,

290 1981 406 2050 uppibus
418 1978 464 2032 illa
477 1977 549 2048 priris
561 1979 676 2048 parmis,
688 1995 759 2031 nunc
772 1978 877 2049 hospita
889 1977 1018 2048 plaustris.

290 2078 384 2146 iraque
400 2075 528 2129 diffiliunt
542 2076 645 2147 vulgo,
661 2077 798 2147 vestesque
815 2078 945 2149 rigescunt

290 2179 387 2239 idum,
403 2177 561 2244 caduntque
578 2175 712 2229 securibus
728 2176 835 2230 humida
850 2177 930 2245 vina,

290 2286 300 2325 t
317 2286 383 2325 totae
401 2270 512 2324 solidam
530 2270 558 2323 in
574 2271 685 2341 glaciem
701 2271 807 2325 vertere
824 2276 943 2335 lacunae,
1010 2272 1059 2339 365

290 2367 402 2437 ririaque
419 2366 536 2435 impexis
552 2368 670 2421 induruit
685 2368 793 2421 horrida
810 2368 905 2423 barbis.

290 2480 372 2519 trerea
388 2478 450 2517 toto
470 2481 526 2518 uon
543 2464 706 2518 seciusaere
723 2464 826 2534 ningit:

290 2577 407 2616 rcereunt
421 2564 555 2630 pecudes,
569 2560 636 2613 stant
651 2559 807 2613 circumfusa
827 2558 930 2629 pruinis

290 2660 396 2728 'orpora
412 2675 508 2729 magna
519 2659 601 2711 boum
615 2676 624 2718 ·,
639 2659 816 2728 consertoque
830 2659 936 2729 agmine
947 2655 1022 2712 cervi

290 2755 394 2825 'orpent
404 2757 477 2808 mole
486 2755 558 2808 novi
569 2758 611 2818 ,ἃ
622 2757 731 2809 summis
741 2757 789 2809 vix
798 2757 925 2811 cornibus
935 2756 1101 2821 exstant.370

290 2852 330 2907 {os
347 2869 405 2905 non
420 2851 542 2905 immissis
560 2830 684 2912 canibus.
704 2871 760 2906 non
775 2855 883 2907 cassibus
899 2854 979 2914 ullis,

291 2951 432 3016 uniceaeve
447 2950 549 3020 agitant
566 2952 680 3019 pavidos
695 2952 842 3004 formidine
858 2968 971 3019 pennae:

290 3050 323 3102 ed
337 3048 430 3103 frustra
444 3048 598 3118 opposrtum
615 3051 751 3100 trudentes
766 3048 875 3117 pestere
890 3062 1013 3100 montem
1056 3073 1059 3078 ·

290 3146 405 3201 :oreimis
417 3148 578 3199 obtruncant
589 3146 676 3209 serto,
693 3146 862 3215 graviterque
874 3146 996 3199 rudentes

290 3245 405 3302 indunt.
421 3244 448 3295 δι
463 3259 562 3312 magno
579 3242 631 3294 laeri
648 3244 765 3295 clamore
777 3255 922 3309 reportant.
1017 3253 1065 3307 375

290 3339 323 3409 pti
340 3339 370 3393 in
387 3337 492 3394 desosfis
510 3340 637 3407 specubus
655 3341 744 3394 secura
761 3340 808 3392 sub
827 3337 879 3391 alta
