2859 4325
402 657 482 760 278
608 639 949 730 AErrarnos

412 809 534 882 Impulit.
543 808 591 862 illa
600 808 676 860 ldoro
685 802 766 856 citius
775 801 942 875 volucrique
953 805 1055 877 sagitrl

413 911 455 963 Ad
468 922 564 963 terram
579 903 664 973 fugit,
680 901 707 954 dt
725 915 809 970 portu
823 899 852 954 se
869 903 1001 958 condidit
1016 906 1084 958 alto.

449 1003 519 1056 Tum
528 1001 599 1054 satus
608 995 740 1058 Anchisa,
752 993 858 1049 tundis
868 1012 906 1049 ex
918 1014 1001 1052 more
1011 998 1128 1064 voeatis,

360 1098 554 1168 245Visloreru
563 1095 659 1167 magni
670 1092 804 1163 preconis
814 1107 888 1147 voce
904 1095 1075 1148 Cloanthum

414 1196 540 1249 Declarat
550 1227 559 1256 ,
569 1190 704 1260 viridique
716 1189 821 1242 advelat
831 1203 959 1258 tempora
970 1192 1050 1245 lauro
1060 1208 1071 1252 t

415 1290 580 1359 Muneraqne
597 1288 627 1342 in
642 1302 725 1341 naver
742 1278 835 1340 ternot'
853 1301 951 1356 optare
964 1287 1110 1353 iuvencos,

416 1385 560 1456 Vinaque,
573 1384 601 1438 ἃ
611 1382 712 1454 argenti
721 1398 847 1450 magnum
858 1384 904 1436 dat
912 1383 984 1438 serre
995 1388 1128 1440 talentum

416 1480 482 1549 lpfis
491 1479 641 1550 precipuos
650 1477 805 1531 dudloribus
817 1477 890 1531 addit
899 1478 1024 1533 bonorto
1035 1497 1043 1533 t

363 1577 526 1646 apoVidlori
533 1578 700 1648 chlamydem
706 1589 931 1645 auratam‚quam
939 1576 1056 1646 plurima
1062 1575 1148 1629 cbcnu

419 1674 538 1744 Purpura
550 1675 689 1727 Meandro
699 1670 801 1740 duplici
815 1670 950 1725 Meliboea
961 1671 1077 1726 cucurrit
1087 1690 1098 1733 ς

419 1770 593 1840 intextusque
610 1786 678 1839 puer
694 1765 823 1821 frondosi
838 1766 929 1838 regius
944 1767 993 1822 ldd
1012 1784 1015 1788 ·

422 1865 541 1919 veloces
557 1864 645 1932 iaculo
662 1879 758 1918 cervos
775 1862 906 1931 cursuque
922 1863 1020 1933 fatigat

422 1963 491 2015 Acer
502 2001 510 2027 ,
523 1963 658 2016 anhelanti
669 1960 778 2023 similis,
789 1976 871 2031 quem
884 1976 989 2030 praepes
1003 1962 1035 2014 ab
1045 1959 1089 2014 lda

369 2072 402 2124 ²5
410 2057 568 2119 tsublimem
579 2059 690 2126 pedibus
702 2056 791 2125 rapuit
801 2056 881 2112 iovis
892 2056 1009 2128 armiger
1019 2057 1103 2110 uocis.

422 2151 552 2224 longari
562 2155 663 2223 palmas
675 2153 857 2223 nequidquam
868 2153 901 2206 ad
912 2153 996 2208 sidera
1007 2155 1116 2208 tendunt

424 2249 552 2304 Custodes
563 2267 573 2311 ·‚
585 2249 714 2319 seritque
728 2266 823 2302 cauum
837 2252 947 2305 latratus
960 2251 1086 2306 inauras.

425 2349 461 2400 At
471 2386 478 2411 ,
490 2346 537 2417 qui
550 2347 644 2401 deinde
654 2352 744 2401 locum
757 2347 845 2417 tenuit
854 2348 957 2401 virtute
968 2350 1127 2409 secundum,

427 2446 546 2499 Levibus
555 2444 712 2499 buichamis
722 2445 871 2497 consertam
881 2462 1002 2515 auroque
1012 2445 1122 2499 trilicem

374 2539 568 2605 260Loricam,
587 2559 666 2611 quam
683 2543 819 2593 Demoleo
838 2541 989 2593 detraxerat
1005 2541 1062 2611 ipse

426 2636 522 2690 Vidior
533 2639 601 2705 apud
612 2637 731 2707 rapidum
744 2636 884 2689 Simo'e'nta
895 2637 942 2689 sub
952 2637 1005 2691 llio
1016 2641 1070 2690 alto
1081 2671 1090 2698 ,

426 2734 520 2785 Donat
530 2734 625 2784 habere
634 2732 711 2789 viro,
726 2733 805 2783 dctus
817 2732 843 2783 δι
854 2746 975 2785 tutamen
985 2732 1014 2784 in
1025 2732 1115 2785 armis.

428 2828 485 2881 Vix
499 2828 573 2881 illam
588 2829 680 2882 famuli
696 2818 816 2897 Phegeus
833 2828 992 2900 Sagarisque
1007 2829 1125 2882 serebant

429 2926 608 2995 Multiplicem
620 2967 627 2990 ,
639 2926 753 2980 connixi
761 2925 896 2979 humeris:
911 2926 1020 2978 indutus
1032 2940 1059 2978 at
1069 2922 1133 2978 olim

375 3021 579 3089 265Demoleos
598 3024 673 3075 cursu
692 3026 811 3092 palantes
827 3024 914 3075 Troas
933 3025 1040 3091 agebat·

429 3120 521 3174 Tertia
536 3125 605 3174 dona
620 3122 682 3176 lacit
698 3120 819 3191 geminos
834 3138 869 3172 ex
885 3137 938 3173 are
953 3122 1077 3177 lebetas;

430 3215 598 3287 cymbiaque
607 3235 716 3291 argento
725 3218 840 3287 perfedla
851 3231 928 3283 atque
939 3217 1032 3285 aspera
1044 3215 1135 3287 lignis.

432 3310 544 3382 Jamque
553 3316 618 3370 adeo
627 3315 719 3371 donari
728 3332 822 3369 omnes
830 3352 838 3380 ,
847 3311 999 3383 opibusque
1011 3312 1134 3383 superbi,
