<?xml version="1.0" encoding="UTF-8"?>
<!DOCTYPE html PUBLIC "-//W3C//DTD XHTML 1.0 Transitional//EN"
    "http://www.w3.org/TR/xhtml1/DTD/xhtml1-transitional.dtd">
<html xmlns="http://www.w3.org/1999/xhtml" xml:lang="en" lang="en">
 <head>
  <title>
</title>
<meta http-equiv="Content-Type" content="text/html;charset=utf-8" />
  <meta name='ocr-system' content='tesseract 3.04.00' />
  <meta name='ocr-capabilities' content='ocr_page ocr_carea ocr_par ocr_line ocrx_word'/>
</head>
<body>
  <div class='ocr_page' id='page_1' title='image "./publiivirgiliim00cappgoog/publiivirgiliim00cappgoog_0464.png"; bbox 0 0 2859 4325; ppageno 0'>
   <div class='ocr_carea' id='block_1_1' title="bbox 321 638 1084 3333">
    <p class='ocr_par' dir='ltr' id='par_1_1' title="bbox 350 638 810 724">
     <span class='ocr_line' id='line_1_1' title="bbox 350 638 810 724; baseline -0.011 -20"><span class='ocrx_word' id='word_1_1' title='bbox 350 638 415 724; x_wconf 68' lang='lat'><strong>368</strong></span> <span class='ocrx_word' id='word_1_2' title='bbox 631 641 669 700; x_wconf 88' lang='grc' dir='ltr'><em>Ν</em></span> <span class='ocrx_word' id='word_1_3' title='bbox 687 654 709 700; x_wconf 92' lang='grc' dir='ltr'><strong><em>ο</em></strong></span> <span class='ocrx_word' id='word_1_4' title='bbox 732 655 756 700; x_wconf 83' lang='lat' dir='ltr'><strong>r</strong></span> <span class='ocrx_word' id='word_1_5' title='bbox 774 655 810 700; x_wconf 72' lang='lat' dir='ltr'><strong>ar</strong></span> 
     </span>
    </p>

    <p class='ocr_par' dir='ltr' id='par_1_2' title="bbox 352 741 1082 1040">
     <span class='ocr_line' id='line_1_2' title="bbox 352 741 1082 803; baseline -0.008 -7"><span class='ocrx_word' id='word_1_6' title='bbox 352 761 406 796; x_wconf 81' lang='lat' dir='ltr'><strong>non</strong></span> <span class='ocrx_word' id='word_1_7' title='bbox 417 745 554 802; x_wconf 67' lang='lat' dir='ltr'><strong>marist</strong></span> <span class='ocrx_word' id='word_1_8' title='bbox 568 741 744 793; x_wconf 74' lang='lat' dir='ltr'><strong>illaeeimabilir</strong></span> <span class='ocrx_word' id='word_1_9' title='bbox 755 778 765 803; x_wconf 91' lang='lat'><em>,</em></span> <span class='ocrx_word' id='word_1_10' title='bbox 781 759 837 793; x_wconf 89' lang='lat' dir='ltr'><strong>non</strong></span> <span class='ocrx_word' id='word_1_11' title='bbox 848 743 1034 794; x_wconf 74' lang='lat' dir='ltr'><em>inlacrimabilis</em></span> <span class='ocrx_word' id='word_1_12' title='bbox 1044 760 1051 803; x_wconf 70' lang='grc' dir='ltr'>ς</span> <span class='ocrx_word' id='word_1_13' title='bbox 1060 741 1082 790; x_wconf 89' lang='lat' dir='ltr'><strong>il·</strong></span> 
     </span>
     <span class='ocr_line' id='line_1_3' title="bbox 355 817 1081 883; baseline -0.008 -12"><span class='ocrx_word' id='word_1_14' title='bbox 355 818 445 883; x_wconf 72' lang='lat' dir='ltr'><strong>instet,</strong></span> <span class='ocrx_word' id='word_1_15' title='bbox 462 837 512 871; x_wconf 90' lang='lat' dir='ltr'><strong>non</strong></span> <span class='ocrx_word' id='word_1_16' title='bbox 527 817 618 880; x_wconf 76' lang='lat' dir='ltr'><strong>inluster</strong></span> <span class='ocrx_word' id='word_1_17' title='bbox 632 836 640 877; x_wconf 66' lang='grc' dir='ltr'>ς</span> <span class='ocrx_word' id='word_1_18' title='bbox 654 819 765 882; x_wconf 77' lang='lat' dir='ltr'><strong>effatus,</strong></span> <span class='ocrx_word' id='word_1_19' title='bbox 781 835 837 869; x_wconf 89' lang='lat' dir='ltr'><strong>non</strong></span> <span class='ocrx_word' id='word_1_20' title='bbox 854 820 962 881; x_wconf 77' lang='lat' dir='ltr'><strong>adfatus</strong></span> <span class='ocrx_word' id='word_1_21' title='bbox 980 824 1027 870; x_wconf 76' lang='lat' dir='ltr'><strong>dcc.</strong></span> <span class='ocrx_word' id='word_1_22' title='bbox 1045 822 1081 868; x_wconf 76' lang='lat' dir='ltr'><strong>&amp;n</strong></span> 
     </span>
     <span class='ocr_line' id='line_1_4' title="bbox 356 893 1081 954; baseline -0.007 -6"><span class='ocrx_word' id='word_1_23' title='bbox 356 913 402 948; x_wconf 81' lang='lat' dir='ltr'><strong>nec</strong></span> <span class='ocrx_word' id='word_1_24' title='bbox 422 912 502 948; x_wconf 85' lang='lat' dir='ltr'><strong>tamen</strong></span> <span class='ocrx_word' id='word_1_25' title='bbox 523 895 577 946; x_wconf 82' lang='lat' dir='ltr'><strong>ideo</strong></span> <span class='ocrx_word' id='word_1_26' title='bbox 594 893 747 946; x_wconf 74' lang='lat' dir='ltr'><strong>declinamus</strong></span> <span class='ocrx_word' id='word_1_27' title='bbox 770 899 950 954; x_wconf 71' lang='lat' dir='ltr'><strong>aussotitatem</strong></span> <span class='ocrx_word' id='word_1_28' title='bbox 973 894 1045 947; x_wconf 89' lang='lat' dir='ltr'><strong>codd.</strong></span> <span class='ocrx_word' id='word_1_29' title='bbox 1064 898 1081 943; x_wconf 77' lang='lat' dir='ltr'><strong>it</strong></span> 
     </span>
     <span class='ocr_line' id='line_1_5' title="bbox 358 973 550 1040; baseline -0.016 -15"><span class='ocrx_word' id='word_1_30' title='bbox 358 973 415 1025; x_wconf 85' lang='lat' dir='ltr'><strong>edd.</strong></span> <span class='ocrx_word' id='word_1_31' title='bbox 433 974 550 1040; x_wconf 77' lang='lat' dir='ltr'><strong>prestant.</strong></span> 
     </span>
    </p>

    <p class='ocr_par' dir='ltr' id='par_1_3' title="bbox 356 1041 1080 1190">
     <span class='ocr_line' id='line_1_6' title="bbox 394 1041 1080 1112; baseline -0.006 -13"><span class='ocrx_word' id='word_1_32' title='bbox 394 1066 449 1112; x_wconf 82' lang='lat'><strong>55⁰·</strong></span> <span class='ocrx_word' id='word_1_33' title='bbox 465 1051 518 1099; x_wconf 86' lang='lat' dir='ltr'><strong>Hoc</strong></span> <span class='ocrx_word' id='word_1_34' title='bbox 534 1047 610 1096; x_wconf 80' lang='lat' dir='ltr'><strong>dicens</strong></span> <span class='ocrx_word' id='word_1_35' title='bbox 631 1046 719 1112; x_wconf 71' lang='lat' dir='ltr'><strong>legitur</strong></span> <span class='ocrx_word' id='word_1_36' title='bbox 736 1051 763 1097; x_wconf 89' lang='lat' dir='ltr'><strong>in</strong></span> <span class='ocrx_word' id='word_1_37' title='bbox 780 1045 879 1098; x_wconf 82' lang='lat' dir='ltr'>Medic.</span> <span class='ocrx_word' id='word_1_38' title='bbox 898 1052 928 1099; x_wconf 78' lang='grc' dir='ltr'><strong>δι</strong></span> <span class='ocrx_word' id='word_1_39' title='bbox 947 1048 1000 1099; x_wconf 74' lang='lat' dir='ltr'><strong>aliie</strong></span> <span class='ocrx_word' id='word_1_40' title='bbox 1020 1041 1080 1096; x_wconf 87' lang='lat' dir='ltr'><strong>codd.</strong></span> 
     </span>
     <span class='ocr_line' id='line_1_7' title="bbox 356 1123 998 1190; baseline -0.006 -14"><span class='ocrx_word' id='word_1_41' title='bbox 356 1126 385 1176; x_wconf 80' lang='lat' dir='ltr'><strong>in</strong></span> <span class='ocrx_word' id='word_1_42' title='bbox 398 1126 420 1175; x_wconf 74' lang='lat' dir='ltr'>A</span> <span class='ocrx_word' id='word_1_43' title='bbox 434 1129 460 1175; x_wconf 71' lang='lat' dir='ltr'><strong>it</strong></span> <span class='ocrx_word' id='word_1_44' title='bbox 475 1125 516 1184; x_wconf 88' lang='lat' dir='ltr'><strong>B,</strong></span> <span class='ocrx_word' id='word_1_45' title='bbox 534 1128 560 1174; x_wconf 70' lang='lat' dir='ltr'><strong>it</strong></span> <span class='ocrx_word' id='word_1_46' title='bbox 576 1123 682 1174; x_wconf 80' lang='lat' dir='ltr'><strong>Heinfio.</strong></span> <span class='ocrx_word' id='word_1_47' title='bbox 700 1123 784 1190; x_wconf 70' lang='lat' dir='ltr'><strong>Vulgo</strong></span> <span class='ocrx_word' id='word_1_48' title='bbox 801 1126 860 1173; x_wconf 80' lang='lat' dir='ltr'><strong>luec-</strong></span> <span class='ocrx_word' id='word_1_49' title='bbox 995 1173 998 1180; x_wconf 70' lang='grc'>,</span> 
     </span>
    </p>

    <p class='ocr_par' dir='ltr' id='par_1_4' title="bbox 349 1198 1084 1873">
     <span class='ocr_line' id='line_1_8' title="bbox 393 1198 1080 1269; baseline 0 -17"><span class='ocrx_word' id='word_1_50' title='bbox 393 1213 449 1265; x_wconf 76' lang='lat'><strong>567·</strong></span> <span class='ocrx_word' id='word_1_51' title='bbox 466 1204 562 1269; x_wconf 78' lang='lat' dir='ltr'><strong>Jamque</strong></span> <span class='ocrx_word' id='word_1_52' title='bbox 572 1200 629 1250; x_wconf 75' lang='lat' dir='ltr'><strong>oded</strong></span> <span class='ocrx_word' id='word_1_53' title='bbox 640 1205 689 1250; x_wconf 72' lang='lat' dir='ltr'><strong>&amp;o</strong></span> <span class='ocrx_word' id='word_1_54' title='bbox 703 1201 737 1250; x_wconf 86' lang='lat' dir='ltr'><strong>Hi</strong></span> <span class='ocrx_word' id='word_1_55' title='bbox 751 1201 835 1251; x_wconf 77' lang='lat' dir='ltr'><strong>xxil.</strong></span> <span class='ocrx_word' id='word_1_56' title='bbox 851 1203 956 1258; x_wconf 81' lang='lat' dir='ltr'><strong>versus,</strong></span> <span class='ocrx_word' id='word_1_57' title='bbox 971 1198 1003 1252; x_wconf 86' lang='lat' dir='ltr'><strong>ad</strong></span> <span class='ocrx_word' id='word_1_58' title='bbox 1014 1202 1080 1252; x_wconf 74' lang='lat' dir='ltr'><strong>hunc.</strong></span> 
     </span>
     <span class='ocr_line' id='line_1_9' title="bbox 359 1275 1082 1342; baseline -0.011 -12"><span class='ocrx_word' id='word_1_59' title='bbox 359 1279 419 1330; x_wconf 71' lang='lat' dir='ltr'><strong>cim</strong></span> <span class='ocrx_word' id='word_1_60' title='bbox 436 1281 493 1329; x_wconf 76' lang='lat' dir='ltr'><strong>milti</strong></span> <span class='ocrx_word' id='word_1_61' title='bbox 504 1279 532 1342; x_wconf 79' lang='lat' dir='ltr'><strong>se</strong></span> <span class='ocrx_word' id='word_1_62' title='bbox 550 1282 598 1329; x_wconf 71' lang='lat' dir='ltr'><strong>&amp;o</strong></span> <span class='ocrx_word' id='word_1_63' title='bbox 615 1275 777 1327; x_wconf 83' lang='lat' dir='ltr'><strong>deiiderantut</strong></span> <span class='ocrx_word' id='word_1_64' title='bbox 792 1280 818 1326; x_wconf 81' lang='lat' dir='ltr'><strong>in</strong></span> <span class='ocrx_word' id='word_1_65' title='bbox 839 1277 900 1328; x_wconf 87' lang='lat' dir='ltr'><strong>cod.</strong></span> <span class='ocrx_word' id='word_1_66' title='bbox 920 1276 1016 1328; x_wconf 82' lang='lat' dir='ltr'><strong>Medic.</strong></span> <span class='ocrx_word' id='word_1_67' title='bbox 1033 1275 1082 1326; x_wconf 78' lang='lat' dir='ltr'><strong>licut</strong></span> 
     </span>
     <span class='ocr_line' id='line_1_10' title="bbox 356 1350 1081 1404; baseline -0.007 0"><span class='ocrx_word' id='word_1_68' title='bbox 356 1355 385 1404; x_wconf 89' lang='lat' dir='ltr'><strong>in</strong></span> <span class='ocrx_word' id='word_1_69' title='bbox 402 1356 516 1404; x_wconf 77' lang='lat' dir='ltr'><strong>omnibus</strong></span> <span class='ocrx_word' id='word_1_70' title='bbox 534 1351 606 1403; x_wconf 83' lang='lat' dir='ltr'><strong>codd.</strong></span> <span class='ocrx_word' id='word_1_71' title='bbox 623 1352 707 1402; x_wconf 81' lang='lat' dir='ltr'><strong>vetust.</strong></span> <span class='ocrx_word' id='word_1_72' title='bbox 723 1355 750 1402; x_wconf 87' lang='lat' dir='ltr'><strong>ln</strong></span> <span class='ocrx_word' id='word_1_73' title='bbox 769 1350 825 1402; x_wconf 89' lang='lat' dir='ltr'><strong>edd.</strong></span> <span class='ocrx_word' id='word_1_74' title='bbox 848 1357 927 1402; x_wconf 84' lang='lat' dir='ltr'><strong>etiam</strong></span> <span class='ocrx_word' id='word_1_75' title='bbox 946 1369 1008 1404; x_wconf 80' lang='lat' dir='ltr'><strong>vett.</strong></span> <span class='ocrx_word' id='word_1_76' title='bbox 1024 1354 1081 1402; x_wconf 82' lang='lat' dir='ltr'><strong>utin</strong></span> 
     </span>
     <span class='ocr_line' id='line_1_11' title="bbox 357 1427 1084 1494; baseline -0.003 -14"><span class='ocrx_word' id='word_1_77' title='bbox 357 1429 388 1480; x_wconf 86' lang='lat' dir='ltr'><strong>B.</strong></span> <span class='ocrx_word' id='word_1_78' title='bbox 406 1430 463 1490; x_wconf 88' lang='lat' dir='ltr'><strong>Quo</strong></span> <span class='ocrx_word' id='word_1_79' title='bbox 478 1430 537 1481; x_wconf 81' lang='lat' dir='ltr'><strong>vttd</strong></span> <span class='ocrx_word' id='word_1_80' title='bbox 552 1432 619 1494; x_wconf 70' lang='lat' dir='ltr'><strong>pasto</strong></span> <span class='ocrx_word' id='word_1_81' title='bbox 634 1427 785 1489; x_wconf 80' lang='lat' dir='ltr'><strong>exciderint,</strong></span> <span class='ocrx_word' id='word_1_82' title='bbox 800 1429 874 1494; x_wconf 73' lang='lat' dir='ltr'><strong>plani</strong></span> <span class='ocrx_word' id='word_1_83' title='bbox 890 1434 1028 1488; x_wconf 67' lang='lat' dir='ltr'><strong>incertum</strong></span> <span class='ocrx_word' id='word_1_84' title='bbox 1042 1432 1084 1478; x_wconf 77' lang='lat' dir='ltr'><strong>mi·</strong></span> 
     </span>
     <span class='ocr_line' id='line_1_12' title="bbox 349 1502 1082 1570; baseline -0.003 -17"><span class='ocrx_word' id='word_1_85' title='bbox 349 1515 414 1563; x_wconf 61' lang='lat' dir='ltr'><strong>Qum</strong></span> <span class='ocrx_word' id='word_1_86' title='bbox 435 1506 508 1554; x_wconf 82' lang='lat' dir='ltr'><strong>etiam</strong></span> <span class='ocrx_word' id='word_1_87' title='bbox 523 1503 599 1554; x_wconf 81' lang='lat' dir='ltr'><strong>videri</strong></span> <span class='ocrx_word' id='word_1_88' title='bbox 619 1502 713 1562; x_wconf 85' lang='lat' dir='ltr'><strong>debet,</strong></span> <span class='ocrx_word' id='word_1_89' title='bbox 731 1520 788 1552; x_wconf 88' lang='lat' dir='ltr'><strong>cum</strong></span> <span class='ocrx_word' id='word_1_90' title='bbox 805 1505 915 1569; x_wconf 82' lang='lat' dir='ltr'>Virgilio</span> <span class='ocrx_word' id='word_1_91' title='bbox 934 1506 1029 1570; x_wconf 83' lang='lat' dir='ltr'><strong>proruis</strong></span> <span class='ocrx_word' id='word_1_92' title='bbox 1045 1502 1082 1552; x_wconf 81' lang='lat' dir='ltr'><strong>int</strong></span> 
     </span>
     <span class='ocr_line' id='line_1_13' title="bbox 359 1575 1080 1643; baseline -0.007 -15"><span class='ocrx_word' id='word_1_93' title='bbox 359 1577 510 1643; x_wconf 73' lang='lat' dir='ltr'><strong>dignissimi,</strong></span> <span class='ocrx_word' id='word_1_94' title='bbox 528 1577 562 1638; x_wconf 82' lang='lat' dir='ltr'><strong>fi,</strong></span> <span class='ocrx_word' id='word_1_95' title='bbox 577 1593 604 1626; x_wconf 90' lang='lat' dir='ltr'><strong>ut</strong></span> <span class='ocrx_word' id='word_1_96' title='bbox 618 1578 727 1626; x_wconf 83' lang='lat' dir='ltr'><strong>observat</strong></span> <span class='ocrx_word' id='word_1_97' title='bbox 743 1575 777 1624; x_wconf 87' lang='lat' dir='ltr'><strong>D.</strong></span> <span class='ocrx_word' id='word_1_98' title='bbox 795 1575 905 1639; x_wconf 84' lang='lat' dir='ltr'><strong>Heyne,</strong></span> <span class='ocrx_word' id='word_1_99' title='bbox 921 1594 1008 1627; x_wconf 85' lang='lat' dir='ltr'><strong>eorum</strong></span> <span class='ocrx_word' id='word_1_100' title='bbox 1022 1575 1080 1625; x_wconf 85' lang='lat' dir='ltr'><strong>indo</strong></span> 
     </span>
     <span class='ocr_line' id='line_1_14' title="bbox 360 1651 1082 1717; baseline 0.004 -15"><span class='ocrx_word' id='word_1_101' title='bbox 360 1653 411 1704; x_wconf 87' lang='lat' dir='ltr'><strong>lem</strong></span> <span class='ocrx_word' id='word_1_102' title='bbox 428 1658 453 1704; x_wconf 72' lang='grc' dir='ltr'><strong>ὅ(</strong></span> <span class='ocrx_word' id='word_1_103' title='bbox 470 1655 620 1704; x_wconf 82' lang='lat' dir='ltr'><strong>numerosam</strong></span> <span class='ocrx_word' id='word_1_104' title='bbox 636 1652 781 1702; x_wconf 79' lang='lat' dir='ltr'><strong>venustatem</strong></span> <span class='ocrx_word' id='word_1_105' title='bbox 804 1656 926 1717; x_wconf 80' lang='lat' dir='ltr'><strong>exquiras.</strong></span> <span class='ocrx_word' id='word_1_106' title='bbox 943 1654 981 1704; x_wconf 93' lang='lat' dir='ltr'><strong>Ut</strong></span> <span class='ocrx_word' id='word_1_107' title='bbox 998 1669 1023 1703; x_wconf 88' lang='lat' dir='ltr'><strong>ut</strong></span> <span class='ocrx_word' id='word_1_108' title='bbox 1041 1651 1082 1705; x_wconf 77' lang='lat' dir='ltr'><strong>it.</strong></span> 
     </span>
     <span class='ocr_line' id='line_1_15' title="bbox 360 1726 1080 1797; baseline 0 -17"><span class='ocrx_word' id='word_1_109' title='bbox 360 1733 425 1795; x_wconf 80' lang='lat' dir='ltr'><strong>iplot</strong></span> <span class='ocrx_word' id='word_1_110' title='bbox 445 1735 548 1797; x_wconf 87' lang='lat' dir='ltr'><strong>recipere</strong></span> <span class='ocrx_word' id='word_1_111' title='bbox 564 1726 654 1779; x_wconf 77' lang='lat' dir='ltr'><strong>necelie</strong></span> <span class='ocrx_word' id='word_1_112' title='bbox 668 1728 701 1777; x_wconf 88' lang='lat' dir='ltr'><strong>est</strong></span> <span class='ocrx_word' id='word_1_113' title='bbox 715 1745 724 1787; x_wconf 80' lang='lat'>3</span> <span class='ocrx_word' id='word_1_114' title='bbox 740 1729 827 1794; x_wconf 77' lang='lat' dir='ltr'><strong>quibus</strong></span> <span class='ocrx_word' id='word_1_115' title='bbox 845 1727 956 1792; x_wconf 83' lang='lat' dir='ltr'><strong>demtis,</strong></span> <span class='ocrx_word' id='word_1_116' title='bbox 975 1730 1080 1780; x_wconf 61' lang='lat' dir='ltr'><strong>sententil</strong></span> 
     </span>
     <span class='ocr_line' id='line_1_16' title="bbox 361 1805 741 1873; baseline -0.008 -18"><span class='ocrx_word' id='word_1_117' title='bbox 361 1809 512 1873; x_wconf 79' lang='lat' dir='ltr'><strong>sequentium</strong></span> <span class='ocrx_word' id='word_1_118' title='bbox 531 1805 635 1855; x_wconf 82' lang='lat' dir='ltr'><strong>constare</strong></span> <span class='ocrx_word' id='word_1_119' title='bbox 649 1807 741 1870; x_wconf 85' lang='lat' dir='ltr'><strong>nequit.</strong></span> 
     </span>
    </p>

    <p class='ocr_par' dir='ltr' id='par_1_5' title="bbox 360 1881 1079 2094">
     <span class='ocr_line' id='line_1_17' title="bbox 395 1881 1079 1942; baseline -0.006 -8"><span class='ocrx_word' id='word_1_120' title='bbox 395 1897 451 1936; x_wconf 71' lang='grc' dir='ltr'><strong>σοι.</strong></span> <span class='ocrx_word' id='word_1_121' title='bbox 467 1886 562 1934; x_wconf 79' lang='lat' dir='ltr'><strong>Divim</strong></span> <span class='ocrx_word' id='word_1_122' title='bbox 577 1884 718 1933; x_wconf 78' lang='lat' dir='ltr'><strong>inelementia</strong></span> <span class='ocrx_word' id='word_1_123' title='bbox 736 1917 745 1942; x_wconf 92' lang='lat'>,</span> <span class='ocrx_word' id='word_1_124' title='bbox 766 1882 868 1931; x_wconf 78' lang='lat' dir='ltr'><strong>Diuim.</strong></span> <span class='ocrx_word' id='word_1_125' title='bbox 892 1885 932 1933; x_wconf 90' lang='lat' dir='ltr'><strong>Sic</strong></span> <span class='ocrx_word' id='word_1_126' title='bbox 948 1901 978 1934; x_wconf 84' lang='lat' dir='ltr'><strong>ex</strong></span> <span class='ocrx_word' id='word_1_127' title='bbox 998 1881 1079 1935; x_wconf 88' lang='lat' dir='ltr'><strong>Medic.</strong></span> 
     </span>
     <span class='ocr_line' id='line_1_18' title="bbox 360 1959 1079 2027; baseline -0.006 -15"><span class='ocrx_word' id='word_1_128' title='bbox 360 1962 417 2012; x_wconf 88' lang='lat' dir='ltr'><strong>cod.</strong></span> <span class='ocrx_word' id='word_1_129' title='bbox 435 1968 460 2012; x_wconf 78' lang='lat' dir='ltr'><strong>dt</strong></span> <span class='ocrx_word' id='word_1_130' title='bbox 478 1964 625 2012; x_wconf 87' lang='lat' dir='ltr'><strong>melioribus.</strong></span> <span class='ocrx_word' id='word_1_131' title='bbox 643 1959 743 2026; x_wconf 71' lang='lat' dir='ltr'><strong>Vulgo,</strong></span> <span class='ocrx_word' id='word_1_132' title='bbox 761 1973 788 2009; x_wconf 84' lang='lat' dir='ltr'><strong>ut</strong></span> <span class='ocrx_word' id='word_1_133' title='bbox 802 1963 829 2009; x_wconf 87' lang='lat' dir='ltr'><strong>in</strong></span> <span class='ocrx_word' id='word_1_134' title='bbox 845 1962 867 2010; x_wconf 79' lang='lat' dir='ltr'>A</span> <span class='ocrx_word' id='word_1_135' title='bbox 884 1964 911 2010; x_wconf 73' lang='grc' dir='ltr'><strong>ὁ(</strong></span> <span class='ocrx_word' id='word_1_136' title='bbox 930 1962 966 2022; x_wconf 88' lang='grc' dir='ltr'><strong>Β,</strong></span> <span class='ocrx_word' id='word_1_137' title='bbox 989 1962 1079 2027; x_wconf 75' lang='lat' dir='ltr'><strong>legitur:</strong></span> 
     </span>
     <span class='ocr_line' id='line_1_19' title="bbox 364 2039 728 2094; baseline -0.011 -4"><span class='ocrx_word' id='word_1_138' title='bbox 364 2043 453 2094; x_wconf 83' lang='lat' dir='ltr'><strong>Venim</strong></span> <span class='ocrx_word' id='word_1_139' title='bbox 468 2041 611 2088; x_wconf 80' lang='lat' dir='ltr'><strong>inclementia</strong></span> <span class='ocrx_word' id='word_1_140' title='bbox 627 2039 728 2089; x_wconf 79' lang='lat' dir='ltr'><strong>Diviim.</strong></span> 
     </span>
    </p>

    <p class='ocr_par' dir='ltr' id='par_1_6' title="bbox 321 2112 1083 2625">
     <span class='ocr_line' id='line_1_20' title="bbox 396 2112 1083 2183; baseline 0.003 -20"><span class='ocrx_word' id='word_1_141' title='bbox 396 2125 452 2177; x_wconf 64' lang='grc' dir='ltr'><strong>ὀμ.</strong></span> <span class='ocrx_word' id='word_1_142' title='bbox 469 2116 609 2177; x_wconf 73' lang='lat' dir='ltr'><strong>Descende,</strong></span> <span class='ocrx_word' id='word_1_143' title='bbox 628 2131 656 2163; x_wconf 81' lang='lat' dir='ltr'><strong>ac</strong></span> <span class='ocrx_word' id='word_1_144' title='bbox 672 2115 765 2164; x_wconf 82' lang='lat' dir='ltr'><strong>ducente</strong></span> <span class='ocrx_word' id='word_1_145' title='bbox 783 2116 841 2165; x_wconf 75' lang='lat' dir='ltr'><strong>Del</strong></span> <span class='ocrx_word' id='word_1_146' title='bbox 852 2114 978 2183; x_wconf 73' lang='lat' dir='ltr'><strong>flammam</strong></span> <span class='ocrx_word' id='word_1_147' title='bbox 995 2112 1083 2167; x_wconf 75' lang='lat' dir='ltr'><strong>inertie</strong></span> 
     </span>
     <span class='ocr_line' id='line_1_21' title="bbox 359 2190 1081 2259; baseline 0 -17"><span class='ocrx_word' id='word_1_148' title='bbox 359 2190 628 2259; x_wconf 66' lang='lat' dir='ltr'><strong>nostes-Expediet.</strong></span> <span class='ocrx_word' id='word_1_149' title='bbox 650 2194 728 2242; x_wconf 80' lang='lat' dir='ltr'><strong>Habet</strong></span> <span class='ocrx_word' id='word_1_150' title='bbox 750 2196 769 2244; x_wconf 92' lang='lat' dir='ltr'>B</span> <span class='ocrx_word' id='word_1_151' title='bbox 789 2197 844 2245; x_wconf 76' lang='lat' dir='ltr'><strong>Del</strong></span> <span class='ocrx_word' id='word_1_152' title='bbox 867 2200 893 2245; x_wconf 75' lang='grc' dir='ltr'><strong>δι</strong></span> <span class='ocrx_word' id='word_1_153' title='bbox 917 2195 973 2246; x_wconf 84' lang='lat' dir='ltr'><strong>cod.</strong></span> <span class='ocrx_word' id='word_1_154' title='bbox 998 2194 1081 2247; x_wconf 84' lang='lat' dir='ltr'><strong>Medic.</strong></span> 
     </span>
     <span class='ocr_line' id='line_1_22' title="bbox 321 2269 1082 2339; baseline 0.004 -21"><span class='ocrx_word' id='word_1_155' title='bbox 321 2292 330 2317; x_wconf 68' lang='lat' dir='ltr'><strong>t</strong></span> <span class='ocrx_word' id='word_1_156' title='bbox 361 2286 397 2319; x_wconf 89' lang='lat' dir='ltr'><strong>m.</strong></span> <span class='ocrx_word' id='word_1_157' title='bbox 412 2287 448 2335; x_wconf 89' lang='lat' dir='ltr'><strong>pr.</strong></span> <span class='ocrx_word' id='word_1_158' title='bbox 465 2287 522 2319; x_wconf 83' lang='lat' dir='ltr'><strong>nam</strong></span> <span class='ocrx_word' id='word_1_159' title='bbox 539 2269 675 2320; x_wconf 79' lang='lat' dir='ltr'><strong>emendavit</strong></span> <span class='ocrx_word' id='word_1_160' title='bbox 691 2272 739 2318; x_wconf 86' lang='lat' dir='ltr'><strong>sec.</strong></span> <span class='ocrx_word' id='word_1_161' title='bbox 757 2274 829 2330; x_wconf 84' lang='lat' dir='ltr'><strong>Deo;</strong></span> <span class='ocrx_word' id='word_1_162' title='bbox 849 2272 917 2338; x_wconf 89' lang='lat' dir='ltr'><strong>quod</strong></span> <span class='ocrx_word' id='word_1_163' title='bbox 935 2273 1032 2339; x_wconf 87' lang='lat' dir='ltr'><strong>quidem</strong></span> <span class='ocrx_word' id='word_1_164' title='bbox 1046 2277 1082 2321; x_wconf 85' lang='lat' dir='ltr'><strong>ha·</strong></span> 
     </span>
     <span class='ocr_line' id='line_1_23' title="bbox 362 2344 1081 2415; baseline 0.004 -20"><span class='ocrx_word' id='word_1_165' title='bbox 362 2348 421 2396; x_wconf 84' lang='lat' dir='ltr'><strong>bent</strong></span> <span class='ocrx_word' id='word_1_166' title='bbox 436 2349 533 2413; x_wconf 89' lang='lat' dir='ltr'><strong>plurimi</strong></span> <span class='ocrx_word' id='word_1_167' title='bbox 548 2346 620 2396; x_wconf 86' lang='lat' dir='ltr'><strong>codd.</strong></span> <span class='ocrx_word' id='word_1_168' title='bbox 637 2351 661 2401; x_wconf 70' lang='grc' dir='ltr'><strong>ὅς</strong></span> <span class='ocrx_word' id='word_1_169' title='bbox 678 2344 734 2395; x_wconf 82' lang='lat' dir='ltr'><strong>edd.</strong></span> <span class='ocrx_word' id='word_1_170' title='bbox 753 2363 813 2396; x_wconf 80' lang='lat' dir='ltr'><strong>vett.</strong></span> <span class='ocrx_word' id='word_1_171' title='bbox 830 2352 856 2399; x_wconf 89' lang='lat' dir='ltr'><strong>in</strong></span> <span class='ocrx_word' id='word_1_172' title='bbox 875 2352 962 2415; x_wconf 83' lang='lat' dir='ltr'><strong>quibus</strong></span> <span class='ocrx_word' id='word_1_173' title='bbox 978 2353 1006 2399; x_wconf 74' lang='lat' dir='ltr'><strong>A.</strong></span> <span class='ocrx_word' id='word_1_174' title='bbox 1022 2348 1081 2403; x_wconf 83' lang='lat' dir='ltr'><strong>Sed,</strong></span> 
     </span>
     <span class='ocr_line' id='line_1_24' title="bbox 361 2420 1083 2489; baseline 0.004 -19"><span class='ocrx_word' id='word_1_175' title='bbox 361 2423 523 2489; x_wconf 79' lang='lat' dir='ltr'><strong>praeterquint</strong></span> <span class='ocrx_word' id='word_1_176' title='bbox 542 2420 704 2488; x_wconf 86' lang='lat' dir='ltr'><strong>quodminus</strong></span> <span class='ocrx_word' id='word_1_177' title='bbox 723 2421 782 2470; x_wconf 75' lang='lat' dir='ltr'><strong>beni</strong></span> <span class='ocrx_word' id='word_1_178' title='bbox 799 2423 869 2472; x_wconf 84' lang='lat' dir='ltr'><strong>sonat</strong></span> <span class='ocrx_word' id='word_1_179' title='bbox 886 2427 1005 2479; x_wconf 77' lang='lat' dir='ltr'><strong>auribus,</strong></span> <span class='ocrx_word' id='word_1_180' title='bbox 1025 2423 1083 2485; x_wconf 84' lang='lat' dir='ltr'><strong>Des·</strong></span> 
     </span>
     <span class='ocr_line' id='line_1_25' title="bbox 363 2499 1083 2557; baseline 0.004 -10"><span class='ocrx_word' id='word_1_181' title='bbox 363 2502 433 2548; x_wconf 75' lang='lat' dir='ltr'><strong>cerdo</strong></span> <span class='ocrx_word' id='word_1_182' title='bbox 448 2501 541 2549; x_wconf 83' lang='lat' dir='ltr'><strong>ducente</strong></span> <span class='ocrx_word' id='word_1_183' title='bbox 556 2501 630 2557; x_wconf 85' lang='lat' dir='ltr'><strong>Deo,</strong></span> <span class='ocrx_word' id='word_1_184' title='bbox 647 2502 724 2547; x_wconf 86' lang='lat' dir='ltr'><strong>minus</strong></span> <span class='ocrx_word' id='word_1_185' title='bbox 739 2502 812 2547; x_wconf 86' lang='lat' dir='ltr'><strong>etiam</strong></span> <span class='ocrx_word' id='word_1_186' title='bbox 827 2499 924 2551; x_wconf 86' lang='lat' dir='ltr'><strong>videtur</strong></span> <span class='ocrx_word' id='word_1_187' title='bbox 938 2505 1024 2551; x_wconf 88' lang='lat' dir='ltr'><strong>rationi</strong></span> <span class='ocrx_word' id='word_1_188' title='bbox 1041 2504 1083 2551; x_wconf 89' lang='lat' dir='ltr'><strong>set·</strong></span> 
     </span>
     <span class='ocr_line' id='line_1_26' title="bbox 364 2572 1006 2625; baseline 0.002 0"><span class='ocrx_word' id='word_1_189' title='bbox 364 2577 443 2625; x_wconf 84' lang='lat' dir='ltr'><strong>monis</strong></span> <span class='ocrx_word' id='word_1_190' title='bbox 459 2572 678 2624; x_wconf 85' lang='lat' dir='ltr'><strong>accommodatum.</strong></span> <span class='ocrx_word' id='word_1_191' title='bbox 695 2572 794 2621; x_wconf 84' lang='lat' dir='ltr'><strong>Dixerat</strong></span> <span class='ocrx_word' id='word_1_192' title='bbox 812 2573 890 2625; x_wconf 81' lang='lat' dir='ltr'><strong>modd</strong></span> <span class='ocrx_word' id='word_1_193' title='bbox 906 2577 1006 2625; x_wconf 84' lang='lat' dir='ltr'><strong>Venus:</strong></span> 
     </span>
    </p>

    <p class='ocr_par' dir='ltr' id='par_1_7' title="bbox 363 2650 1082 2869">
     <span class='ocr_line' id='line_1_27' title="bbox 430 2650 1060 2717; baseline 0.002 -17"><span class='ocrx_word' id='word_1_194' title='bbox 430 2651 549 2717; x_wconf 79' lang='lat' dir='ltr'><strong>Nusquam</strong></span> <span class='ocrx_word' id='word_1_195' title='bbox 560 2651 643 2707; x_wconf 76' lang='lat' dir='ltr'><strong>abeto,</strong></span> <span class='ocrx_word' id='word_1_196' title='bbox 654 2650 675 2701; x_wconf 61' lang='grc' dir='ltr'><strong><em>ἃ</em></strong></span> <span class='ocrx_word' id='word_1_197' title='bbox 685 2667 760 2699; x_wconf 83' lang='lat' dir='ltr'><strong>tutum</strong></span> <span class='ocrx_word' id='word_1_198' title='bbox 769 2653 848 2716; x_wconf 79' lang='lat' dir='ltr'><strong>partio</strong></span> <span class='ocrx_word' id='word_1_199' title='bbox 858 2670 882 2701; x_wconf 88' lang='lat' dir='ltr'><strong>te</strong></span> <span class='ocrx_word' id='word_1_200' title='bbox 892 2653 1060 2717; x_wconf 77' lang='lat' dir='ltr'><strong>lt&#39;minefistam.</strong></span> 
     </span>
     <span class='ocr_line' id='line_1_28' title="bbox 363 2727 1082 2797; baseline 0.004 -20"><span class='ocrx_word' id='word_1_201' title='bbox 363 2727 478 2793; x_wconf 76' lang='lat' dir='ltr'><strong>Apprimi</strong></span> <span class='ocrx_word' id='word_1_202' title='bbox 503 2744 560 2792; x_wconf 87' lang='lat' dir='ltr'><strong>ergo</strong></span> <span class='ocrx_word' id='word_1_203' title='bbox 582 2729 671 2792; x_wconf 76' lang='lat' dir='ltr'><strong>expedit</strong></span> <span class='ocrx_word' id='word_1_204' title='bbox 682 2727 709 2789; x_wconf 84' lang='lat' dir='ltr'><strong>se</strong></span> <span class='ocrx_word' id='word_1_205' title='bbox 730 2728 816 2777; x_wconf 83' lang='lat' dir='ltr'><strong>AEncas</strong></span> <span class='ocrx_word' id='word_1_206' title='bbox 834 2732 928 2781; x_wconf 80' lang='lat' dir='ltr'><strong>ducente</strong></span> <span class='ocrx_word' id='word_1_207' title='bbox 951 2734 1014 2781; x_wconf 77' lang='lat' dir='ltr'><strong>Del.</strong></span> <span class='ocrx_word' id='word_1_208' title='bbox 1037 2731 1082 2797; x_wconf 83' lang='lat' dir='ltr'><strong>ipse</strong></span> 
     </span>
     <span class='ocr_line' id='line_1_29' title="bbox 365 2804 790 2869; baseline -0.012 -14"><span class='ocrx_word' id='word_1_209' title='bbox 365 2821 468 2855; x_wconf 85' lang='lat' dir='ltr'><strong>matrem</strong></span> <span class='ocrx_word' id='word_1_210' title='bbox 486 2804 617 2869; x_wconf 88' lang='lat' dir='ltr'><strong>alloquitur</strong></span> <span class='ocrx_word' id='word_1_211' title='bbox 632 2804 711 2852; x_wconf 84' lang='lat' dir='ltr'><strong>infra:</strong></span> <span class='ocrx_word' id='word_1_212' title='bbox 788 2818 790 2822; x_wconf 89' lang='lat'>·</span> 
     </span>
    </p>

    <p class='ocr_par' dir='ltr' id='par_1_8' title="bbox 430 2882 1070 2951">
     <span class='ocr_line' id='line_1_30' title="bbox 430 2882 1070 2951; baseline 0.005 -19"><span class='ocrx_word' id='word_1_213' title='bbox 430 2886 485 2932; x_wconf 87' lang='lat' dir='ltr'><strong>Hoc</strong></span> <span class='ocrx_word' id='word_1_214' title='bbox 493 2898 557 2936; x_wconf 82' lang='lat' dir='ltr'><strong>erat,</strong></span> <span class='ocrx_word' id='word_1_215' title='bbox 565 2882 629 2930; x_wconf 83' lang='lat' dir='ltr'><strong>alma</strong></span> <span class='ocrx_word' id='word_1_216' title='bbox 635 2896 719 2946; x_wconf 83' lang='lat' dir='ltr'><strong>parens</strong></span> <span class='ocrx_word' id='word_1_217' title='bbox 728 2914 737 2942; x_wconf 89' lang='lat'>,</span> <span class='ocrx_word' id='word_1_218' title='bbox 747 2883 807 2948; x_wconf 82' lang='lat' dir='ltr'><strong>quod</strong></span> <span class='ocrx_word' id='word_1_219' title='bbox 815 2900 851 2932; x_wconf 86' lang='lat' dir='ltr'><strong>me</strong></span> <span class='ocrx_word' id='word_1_220' title='bbox 858 2899 901 2948; x_wconf 86' lang='lat' dir='ltr'><strong>ptr</strong></span> <span class='ocrx_word' id='word_1_221' title='bbox 908 2885 1004 2951; x_wconf 84' lang='lat' dir='ltr'><strong>teiaper</strong></span> <span class='ocrx_word' id='word_1_222' title='bbox 1013 2884 1070 2951; x_wconf 76' lang='lat' dir='ltr'><strong>ignes</strong></span> 
     </span>
    </p>

    <p class='ocr_par' dir='ltr' id='par_1_9' title="bbox 432 2960 579 3023">
     <span class='ocr_line' id='line_1_31' title="bbox 432 2960 579 3023; baseline -0.007 -16"><span class='ocrx_word' id='word_1_223' title='bbox 432 2960 514 3023; x_wconf 80' lang='lat' dir='ltr'><strong>Eripis</strong></span> <span class='ocrx_word' id='word_1_224' title='bbox 531 2963 579 3007; x_wconf 67' lang='grc' dir='ltr'><strong>δίε.</strong></span> 
     </span>
    </p>

    <p class='ocr_par' dir='ltr' id='par_1_10' title="bbox 367 3031 888 3097">
     <span class='ocr_line' id='line_1_32' title="bbox 367 3031 888 3097; baseline 0.002 -14"><span class='ocrx_word' id='word_1_225' title='bbox 367 3031 476 3087; x_wconf 76' lang='lat' dir='ltr'><strong>Ducebat</strong></span> <span class='ocrx_word' id='word_1_226' title='bbox 492 3048 549 3097; x_wconf 84' lang='lat' dir='ltr'><strong>ergo</strong></span> <span class='ocrx_word' id='word_1_227' title='bbox 565 3046 649 3080; x_wconf 85' lang='lat' dir='ltr'><strong>natum</strong></span> <span class='ocrx_word' id='word_1_228' title='bbox 665 3033 715 3096; x_wconf 88' lang='lat' dir='ltr'><strong>ipsa</strong></span> <span class='ocrx_word' id='word_1_229' title='bbox 729 3034 783 3081; x_wconf 84' lang='lat' dir='ltr'><strong>Dea</strong></span> <span class='ocrx_word' id='word_1_230' title='bbox 801 3048 888 3084; x_wconf 88' lang='lat' dir='ltr'><strong>mater.</strong></span> 
     </span>
    </p>

    <p class='ocr_par' dir='ltr' id='par_1_11' title="bbox 366 3106 1084 3333">
     <span class='ocr_line' id='line_1_33' title="bbox 403 3106 1083 3179; baseline 0.006 -18"><span class='ocrx_word' id='word_1_231' title='bbox 403 3124 458 3161; x_wconf 79' lang='lat'><strong>661.</strong></span> <span class='ocrx_word' id='word_1_232' title='bbox 476 3111 546 3158; x_wconf 81' lang='lat' dir='ltr'><strong>l&#39;aret</strong></span> <span class='ocrx_word' id='word_1_233' title='bbox 566 3106 602 3167; x_wconf 78' lang='lat' dir='ltr'><strong>ilii</strong></span> <span class='ocrx_word' id='word_1_234' title='bbox 617 3109 693 3168; x_wconf 70' lang='lat' dir='ltr'><strong>jamia</strong></span> <span class='ocrx_word' id='word_1_235' title='bbox 715 3109 784 3157; x_wconf 81' lang='lat' dir='ltr'><strong>letio.</strong></span> <span class='ocrx_word' id='word_1_236' title='bbox 811 3113 849 3159; x_wconf 71' lang='lat' dir='ltr'><strong>sic</strong></span> <span class='ocrx_word' id='word_1_237' title='bbox 876 3118 1009 3179; x_wconf 82' lang='lat' dir='ltr'><strong>recepimus</strong></span> <span class='ocrx_word' id='word_1_238' title='bbox 1034 3132 1083 3165; x_wconf 86' lang='lat' dir='ltr'><strong>cum</strong></span> 
     </span>
     <span class='ocr_line' id='line_1_34' title="bbox 366 3181 1083 3249; baseline 0.006 -11"><span class='ocrx_word' id='word_1_239' title='bbox 366 3187 466 3238; x_wconf 75' lang='lat' dir='ltr'><strong>Heinsio</strong></span> <span class='ocrx_word' id='word_1_240' title='bbox 483 3223 493 3243; x_wconf 89' lang='lat'><em>,</em></span> <span class='ocrx_word' id='word_1_241' title='bbox 517 3184 659 3249; x_wconf 83' lang='lat' dir='ltr'><strong>&amp;legimus</strong></span> <span class='ocrx_word' id='word_1_242' title='bbox 678 3188 704 3233; x_wconf 93' lang='lat' dir='ltr'><strong>in</strong></span> <span class='ocrx_word' id='word_1_243' title='bbox 724 3181 779 3233; x_wconf 88' lang='lat' dir='ltr'><strong>cod.</strong></span> <span class='ocrx_word' id='word_1_244' title='bbox 800 3184 892 3236; x_wconf 88' lang='lat' dir='ltr'><strong>Medic.</strong></span> <span class='ocrx_word' id='word_1_245' title='bbox 917 3189 986 3241; x_wconf 87' lang='lat' dir='ltr'><strong>Cod.</strong></span> <span class='ocrx_word' id='word_1_246' title='bbox 1010 3207 1083 3241; x_wconf 84' lang='lat' dir='ltr'><strong>autem</strong></span> 
     </span>
     <span class='ocr_line' id='line_1_35' title="bbox 368 3258 1084 3333; baseline 0.003 -19"><span class='ocrx_word' id='word_1_247' title='bbox 368 3264 429 3333; x_wconf 58' lang='grc' dir='ltr'><strong>λος.</strong></span> <span class='ocrx_word' id='word_1_248' title='bbox 446 3264 486 3317; x_wconf 74' lang='grc' dir='ltr'><strong>ΧΙ.</strong></span> <span class='ocrx_word' id='word_1_249' title='bbox 498 3279 518 3315; x_wconf 81' lang='lat' dir='ltr'><strong>r.</strong></span> <span class='ocrx_word' id='word_1_250' title='bbox 533 3265 558 3315; x_wconf 74' lang='grc' dir='ltr'><strong>δι</strong></span> <span class='ocrx_word' id='word_1_251' title='bbox 575 3262 616 3313; x_wconf 85' lang='lat' dir='ltr'><strong>aiii</strong></span> <span class='ocrx_word' id='word_1_252' title='bbox 629 3260 763 3330; x_wconf 80' lang='lat' dir='ltr'><strong>complures</strong></span> <span class='ocrx_word' id='word_1_253' title='bbox 774 3258 846 3313; x_wconf 86' lang='lat' dir='ltr'><strong>codd.</strong></span> <span class='ocrx_word' id='word_1_254' title='bbox 861 3264 883 3315; x_wconf 74' lang='lat' dir='ltr'>A</span> <span class='ocrx_word' id='word_1_255' title='bbox 895 3268 990 3326; x_wconf 86' lang='lat' dir='ltr'><strong>etiam,</strong></span> <span class='ocrx_word' id='word_1_256' title='bbox 1004 3271 1084 3321; x_wconf 68' lang='lat' dir='ltr'><strong>habent</strong></span> 
     </span>
    </p>
   </div>
   <div class='ocr_carea' id='block_1_2' title="bbox 0 0 1446 4325">
    <p class='ocr_par' dir='ltr' id='par_1_12' title="bbox 0 0 1446 4325">
     <span class='ocr_line' id='line_1_36' title="bbox 0 0 1446 4325; baseline 0 0"><span class='ocrx_word' id='word_1_257' title='bbox 0 0 1446 4325; x_wconf 95' lang='lat' dir='ltr'><strong> </strong></span> 
     </span>
    </p>
   </div>
  </div>
 </body>
</html>
