2859 4325
383 588 435 666 82
553 578 964 662 Gronercon

381 747 511 799 Necnon
523 745 550 799 &
562 743 675 807 sterilis,
690 760 750 815 quae
761 741 885 813 stirpibus
901 741 960 797 exit
974 742 1006 795 ab
1019 738 1101 810 intis',

383 844 447 897 Hoc
462 843 558 907 faciet,
573 843 708 912 vacuosfi
725 842 757 895 stt
769 841 868 914 digesta
884 857 1043 913 peragret:

344 948 358 1002 5
364 951 376 1001 5
386 943 465 994 Nunc
479 943 539 994 alte
555 940 664 995 frondes
680 940 707 992 &
724 937 792 993 rarni
806 936 899 992 matria
917 939 1056 1008 opacant,

387 1038 577 1108 crescentique
592 1037 712 1092 adimunt
724 1037 812 1100 fetus,
825 1050 961 1108 uruntque
971 1038 1117 1094 retentent.¹

422 1135 499 1199 Iam,
516 1152 576 1204 quae
592 1133 737 1188 seminibus
750 1133 826 1200 iestis
840 1134 868 1187 se
880 1132 984 1188 sustulit
994 1136 1087 1199 arbos,

387 1233 474 1286 Tarda
485 1231 581 1299 venit,
595 1232 660 1287 seria
675 1232 774 1287 fastuta
787 1231 932 1303 nepotibus
946 1234 1089 1294 umbram

388 1330 523 1401 Pomaque
539 1333 701 1403 degenerant
714 1331 810 1385 succos
825 1331 912 1385 oblita
928 1331 1053 1400 prioress

345 1430 381 1485 ⁶0
388 1428 421 1481 Et
434 1443 526 1498 turpes
542 1428 635 1482 avibus
653 1428 770 1498 praedam
784 1430 836 1483 fert
850 1445 904 1483 uva
919 1446 1055 1484 racemos.

391 1525 500 1581 Scilicet
510 1523 636 1579 omnibus
646 1523 684 1578 est
693 1526 772 1579 labor
781 1523 995 1595 impendendus3
1009 1527 1036 1577 δι
1049 1542 1144 1581 omnen

392 1626 527 1696 Cogendae
538 1622 567 1676 in
578 1624 680 1677 sulcum
691 1661 699 1687 ,
710 1640 742 1677 ac
753 1623 837 1678 multi
847 1625 968 1677 mercede
979 1625 1127 1679 domanda.

392 1723 446 1776 Sed
458 1719 559 1775 truncis
575 1723 642 1775 oleae
658 1720 755 1775 melius
768 1760 777 1786 ,
790 1720 939 1793 propagine
955 1720 1029 1775 vites

392 1820 582 1889 Respondent,
599 1818 687 1874 solido
705 1818 812 1888 Paphia
829 1820 861 1873 de
879 1820 978 1873 robore
996 1834 1120 1891 myrtunt

327 1902 329 1907 Ι
350 1927 384 1994 65
396 1919 496 1973 Plantis
514 1920 541 1972 &
560 1921 631 1971 durae
648 1917 736 1988 coryli
752 1917 911 1983 nascuntur,
929 1917 956 1970 δι
974 1917 1068 1989 ingens

300 2037 302 2041 ’
394 2016 543 2078 Fraxinus,
562 2016 753 2086 Herculeaeque
769 2017 847 2069 arbos
863 2015 988 2069 umbrosa
1003 2031 1128 2081 corona,

396 2111 566 2183 Chaoniique
582 2111 664 2182 patris
680 2114 810 2185 glandest
825 2111 909 2167 etiarn
924 2114 1005 2168 ardua
1020 2115 1108 2185 palma

396 2210 537 2277 Nascitur,
554 2212 581 2264 &
598 2211 673 2265 casus
690 2211 762 2266 abies
781 2210 870 2267 visura
886 2211 1017 2267 marinos.
1035 2267 1037 2271 ,

396 2308 525 2363 Inseritur
542 2307 609 2364 vero
629 2312 656 2364 &
670 2312 727 2365 fetu
741 2310 817 2365 nucis
834 2311 942 2365 arbutus
956 2310 1085 2373 horddaa

355 2419 391 2471 70
400 2408 431 2461 Et
447 2407 547 2463 steriles
564 2409 664 2479 platani
678 2410 764 2461 malos
780 2406 880 2479 geffire
896 2410 1039 2469 valentet;

399 2504 530 2560 Castaneae
543 2507 638 2577 fagus,
657 2506 792 2577 ornusque
807 2505 927 2559 incanuit
942 2507 1003 2559 albo

398 2604 476 2657 flore
491 2604 561 2672 piri,
578 2605 752 2674 glandemque
769 2603 828 2657 sues
843 2601 945 2674 fregere
960 2602 1007 2655 sub
1022 2601 1114 2656 ulmis.

434 2701 492 2753 Nec
500 2701 595 2755 modus
603 2700 716 2754 inserere
724 2702 903 2770 atqueoculos
910 2700 1051 2768 imponere
1058 2700 1179 2769 srmplex.

399 2801 468 2853 Nam
479 2838 487 2864 ,
500 2796 552 2871 qua
567 2798 594 2851 se
612 2797 703 2852 medio
718 2800 828 2852 trudunt
841 2800 873 2852 de
885 2796 983 2851 cortice
995 2814 1131 2868 gemma,

356 2912 387 2961 75
400 2898 432 2949 Et
448 2912 542 2950 tenues
558 2910 685 2966 rumpunt
699 2895 817 2961 tunicas,
833 2893 953 2966 angustus
969 2893 998 2946 in
1014 2894 1074 2963 ipso

402 2993 445 3047 Fit
464 2996 537 3048 nodo
554 2994 624 3048 finus
640 3011 648 3047 r
662 2994 713 3046 huc
728 2991 814 3046 alieni
831 3009 867 3045 ex
884 2994 978 3045 arbore
995 3007 1106 3062 germen

402 3092 562 3158 includunt,
579 3094 685 3163 udoque
704 3093 801 3145 docent
817 3090 964 3144 inolescere
980 3090 1061 3143 libro.

401 3189 455 3242 Aut
472 3190 574 3243 rursum
592 3191 692 3242 enodes
711 3188 797 3242 trunci
812 3189 981 3252 resecantur,
999 3189 1025 3241 ἃ
1040 3186 1095 3241 aire
1142 3213 1143 3217 ¹

400 3284 520 3341 Finditur
536 3286 566 3341 in
582 3286 697 3343 solidum
712 3286 804 3343 cuneis
821 3287 886 3349 ria;
901 3284 995 3342 deinde
1007 3287 1113 3342 feraces
