2859 4325
511 636 874 735 EctocAX.
1013 681 1060 766 53

309 803 357 867 Me
373 810 429 864 sine
446 809 505 862 sola
520 807 607 863 vides.
625 806 668 859 Ab
682 821 710 858 te
727 822 762 860 ne
778 806 878 878 frigora
895 810 1010 866 ledantl

309 910 351 962 rllr
365 905 467 960 tibine
484 914 592 958 teneras
609 903 709 974 glacies
723 904 797 958 secet
814 906 905 974 aspera
922 911 1044 976 plantas!

309 1007 357 1060 lbo
367 1043 377 1072 ‚
386 1004 435 1069 ἃ,
447 1000 605 1056 Chalcidico
616 1017 675 1069 quae
686 1001 748 1053 sunt
758 999 825 1054 milri
834 1003 943 1058 condita
954 1005 1034 1059 uersu
1072 1016 1107 1071 50

310 1101 451 1166 Carmina,
467 1097 582 1169 pastoris
598 1097 682 1179 Siculi
696 1100 854 1153 modulabor
868 1102 962 1156 aveni.

309 1202 419 1252 Certum
435 1196 474 1251 est
489 1195 520 1250 in
536 1195 627 1256 silvis-i
648 1194 719 1249 inter
735 1197 830 1264 spelaea
845 1198 960 1254 serarum

307 1296 389 1350 Malle
406 1295 487 1366 pati,
504 1292 656 1364 tenerisque
672 1310 751 1347 meos
768 1293 884 1348 incidere
901 1312 1007 1351 mores

307 1393 455 1448 Arboribus
472 1412 481 1449 c
495 1393 613 1447 crescent
628 1391 700 1453 illei
715 1391 859 1452 arefactis,
873 1408 990 1447 amores.

306 1486 409 1546 lnterea
425 1489 524 1546 mixtis
539 1489 653 1543 lustrabo
668 1490 782 1544 Manala
799 1492 953 1563 Nymphis3
1069 1506 1102 1562 55

306 1591 358 1643 Aut
371 1606 448 1643 acres
462 1588 584 1642 venabor
596 1603 676 1658 apros
693 1604 770 1650 ;non
784 1605 830 1643 me
843 1591 897 1643 ulli
912 1591 1042 1644 vetabunt

305 1684 414 1756 Frigora
430 1683 591 1739 Parthenios
607 1683 718 1739 canibus
736 1684 897 1740 circumdare
913 1684 1004 1740 salmis.

303 1781 362 1837 lam
378 1779 449 1834 mihi
466 1796 514 1851 per
530 1797 610 1850 rupes
628 1780 724 1836 videor
741 1762 869 1852 lucosque
886 1784 1013 1837 sonantes

305 1879 370 1938 lre·,
388 1877 456 1931 libet
470 1870 571 1930 Partho
587 1890 713 1947 torquete
730 1871 855 1948 Cydonia
873 1890 958 1931 cornu

306 1973 429 2043 Spicula:
439 1987 575 2043 tamquam
583 1973 640 2026 bac
650 1972 702 2026 fint
709 1973 793 2027 nostri
802 1974 931 2028 medicina
938 1974 1053 2037 suroris,
1066 1976 1102 2030 60

307 2071 359 2123 Aut
374 2071 452 2123 Deus
470 2069 516 2123 ille
531 2069 610 2123 malis
624 2069 767 2125 hominum
782 2069 920 2127 mitescere
939 2070 1028 2128 discat.

305 2168 363 2223 Jam
373 2185 462 2238 neque
471 2167 668 2239 Hamadryades
680 2169 799 2235 rursum,
814 2185 863 2224 nee
873 2170 990 2225 carmina
1004 2167 1083 2224 nobis

305 2263 362 2331 Ipsa
377 2266 485 2332 placent
499 2276 509 2323 ⁴,
526 2261 591 2331 ipsae
605 2265 709 2317 rursum
727 2265 867 2319 concedite
883 2265 965 2319 silva.

307 2356 368 2413 Non
384 2360 462 2413 illum
479 2357 563 2413 nostri
579 2358 686 2427 poliunt
703 2378 806 2415 murare
821 2363 943 2421 labores,

306 2456 411 2522 uenti
427 2455 572 2526 frigoribus
589 2454 686 2509 mediis
703 2457 877 2525 Hebrumque
892 2457 1032 2521 bibamus,
1064 2456 1097 2523 65

306 2552 494 2622 Sithoniasque
514 2551 592 2605 nives
610 2552 707 2606 hiemis
725 2554 861 2607 subeamus
878 2553 1004 2623 aquosae,

307 2651 361 2702 Nec
378 2649 420 2716 fi,
439 2649 500 2703 crim
517 2648 637 2703 moriens
655 2649 709 2703 alti
724 2650 792 2704 liber
807 2665 863 2703 aret
880 2649 909 2704 in
923 2652 1018 2716 ulmo,

306 2745 463 2815 AErhiopum
481 2746 620 2800 versemus
636 2763 704 2801 oves
721 2747 866 2801 subsidere
883 2747 989 2800 Cancri.

306 2842 404 2897 Omnia
419 2842 508 2897 vincit
523 2845 609 2898 Amor
623 2862 631 2906 l
647 2845 674 2898 δι
688 2861 739 2897 nos
759 2845 881 2898 cedamus
898 2841 1002 2895 Amori.

337 2939 401 2991 Her
412 2939 453 2992 sat
464 2939 516 2992 erit
526 2977 533 3002 ‚
542 2940 642 3002 Diva,
656 2939 774 3005 vestrum
788 2936 909 2992 ceciniffe
921 2937 1031 2990 Poetam
1041 2976 1048 3003 ‚
1060 2953 1098 3003 70

303 3036 375 3088 Dum
390 3036 484 3095 sedet,
502 3035 528 3088 ἃ
543 3035 635 3105 gracili
651 3034 778 3088 fiscellam
796 3034 864 3087 texit
878 3033 997 3097 hibisco,

304 3130 418 3185 Pierides
436 3148 445 3190 3
462 3146 516 3184 vos
531 3130 588 3184 haec
605 3130 708 3185 sacieris
724 3131 842 3184 maxima
859 3129 958 3183 Gallo:

305 3225 401 3295 Gallo,
418 3226 494 3298 cujus
509 3244 586 3283 amor
603 3226 707 3283 tantum
723 3227 790 3282 mihi
807 3227 899 3281 crescit
915 3225 944 3278 in
959 3227 1058 3289 horas,

878 3324 900 3377 C
918 3321 949 3393 iij
