2859 4325
295 636 405 738 sicum
423 639 461 712 de
479 643 567 712 aditu
582 643 738 712 rixantem
753 641 840 710 aurei
862 644 942 710 rami
962 635 1050 735 consl

298 745 392 836 peciu
410 743 568 810 demulcet.
587 743 612 807 l
612 741 655 807 V.
672 741 714 807 ln
733 741 839 807 limine
848 788 865 831 ,
888 741 1049 810 Cerberum

306 865 413 907 canem
425 890 441 924 ,
457 865 546 932 quent
548 837 640 930 sopit
652 839 771 930 objec‘lei
787 825 862 936 offii.
886 837 929 906 V.
957 834 1051 903 Ultrei

306 937 428 1022 limen,
440 935 536 1028 sedes
560 940 668 1005 varias
686 985 702 1019 ,
729 961 808 1027 quas
842 935 1050 1004 incolebant:
1085 1011 1087 1016 .

310 1055 339 1100 1.
362 1031 535 1124 Infantes:
559 1054 591 1100 2.
612 1031 735 1124 Injuslci
759 1055 859 1101 morte
880 1033 1051 1100 damnati:

309 1150 339 1217 3.
355 1130 496 1222 Propriei
512 1155 606 1197 manu
620 1133 776 1221 perempti
792 1156 804 1198 .·
821 1155 854 1215 4.
868 1128 1025 1211 Amantes
1036 1176 1052 1210 ,

306 1231 339 1293 in
357 1228 465 1317 quibus
480 1227 583 1295 Dido.
605 1248 633 1314 ς.
651 1227 857 1311 Bellatores,
877 1231 959 1294 inter
973 1248 1052 1318 quos

305 1324 520 1416 Deiphobus,
539 1325 652 1415 aliique
675 1321 855 1415 Trojani&
877 1323 974 1391 Greci
995 1324 1054 1391 du-

307 1445 368 1488 ces.
395 1422 434 1488 V
428 1424 459 1488 I.
481 1418 539 1488 Ad
546 1419 611 1506 fini
638 1445 736 1503 ram,
761 1421 879 1488 eminis
900 1445 1052 1489 carcerem

306 1517 393 1588 uidet
413 1523 579 1610 impionem
597 1521 701 1610 panis
725 1513 936 1606 dssinatum:
962 1542 1053 1609 quern

306 1617 407 1684 locunt
425 1616 512 1684 adire
525 1616 594 1683 cim
608 1641 670 1684 nou
678 1611 777 1706 poffit
786 1667 801 1699 ,
817 1640 838 1682 a
852 1614 1053 1708 Sibyllina·
1157 1703 1159 1707 ἶ

307 1716 357 1780 ria
378 1718 535 1783 rariorum
570 1715 705 1806 upplieia
728 1712 899 1796 edocetur,
925 1711 1052 1807 Gigart-

306 1831 373 1877 tum
392 1862 407 1894 ,
430 1810 621 1892 Salmonei,
645 1811 850 1901 Lapitharum
862 1861 878 1894 ,
898 1811 1053 1892 Ixionis,

313 1905 444 1998 Thesei,
457 1904 513 1976 &a
528 1908 611 1976 Vll.
625 1905 682 1974 Ad
693 1907 855 1975 dexteram
869 1903 956 1998 versi
968 1911 1055 1975 itinc-

271 2008 273 2012 ’
307 2028 340 2071 re
347 2055 363 2088 ,
368 2010 514 2097 peruenit
524 2005 568 2072 ad
575 2003 702 2100 Elyfios
711 2030 840 2098 campos
849 2031 863 2072 .·
876 2005 926 2072 ubi
937 2005 1053 2074 multos

305 2104 433 2172 heroum
451 2105 559 2173 nasius
573 2154 589 2189 ,
610 2129 631 2171 a
654 2101 773 2195 Museo
793 2103 831 2171 de
847 2105 918 2178 loci⁸
931 2103 1054 2173 incola-

307 2222 433 2291 rumque
451 2203 626 2270 conditione
639 2252 654 2284 ,
672 2202 768 2292 deque
780 2200 925 2269 Anchisci
941 2204 1055 2269 cercior

299 2290 407 2387 stziius
421 2345 437 2379 ,
459 2300 492 2363 in
511 2293 609 2388 ipfhm
628 2294 785 2387 Anchisen
807 2298 924 2363 incidit.
949 2298 989 2366 V
983 2299 1052 2363 ΙΙΙ.

305 2390 459 2484 Anchises
480 2443 495 2477 ,
528 2394 627 2459 muita
659 2392 697 2459 de
730 2395 905 2459 animarum
940 2396 1054 2461 naturei

299 2487 401 2584 juxti
431 2490 622 2584 Pythagora
657 2489 841 2558 documenta
866 2486 1016 2583 prefatus
1038 2540 1054 2573 ,

307 2582 505 2676 clariffimum
523 2610 671 2679 quemque
683 2584 878 2679 polenorum
901 2587 945 2654 ad
963 2584 1056 2679 usque

306 2681 480 2779 Augustum
504 2688 533 2752 ei
557 2682 697 2774 ostendit.
722 2685 785 2751 IX.
812 2684 960 2776 Denique
975 2709 1054 2777 per-

306 2778 444 2870 lustratis
470 2782 611 2851 omuibus
631 2831 647 2865 ,
667 2806 730 2872 per
755 2782 916 2849 eburneam
940 2780 1064 2850 Somni-

300 2899 432 2971 portam
449 2878 579 2947 AEneas
601 2878 645 2945 aa
659 2875 741 2969 ficos
764 2881 960 2965 reuertitur3
985 2873 1015 2945 ἃ
1039 2904 1055 2945 e

310 2976 450 3045 Cumano
472 2977 579 3046 littore
591 3026 607 3061 ,
631 2976 674 3041 ad
702 2975 887 3067 Cajetanurn
912 2976 1054 3069 nauigat.

612 3179 748 3239 M
