2859 4325
498 626 735 713 [annu
791 626 893 717 IV.
993 659 1118 760 129,

318 790 431 845 Primus
446 808 510 863 vete
524 792 611 845 rosam
622 807 701 860 atque
715 805 845 866 autumno
859 808 967 861 carpere
982 809 1082 861 pernas

318 891 358 942 Et
375 888 437 940 etim
452 887 533 941 tristis
547 887 633 940 hiems
648 887 794 941 etiamnum
809 888 910 959 frigore
925 889 988 941 saxa
1068 904 1077 940 t
1083 903 1096 956 3
1102 905 1115 954 5

321 986 473 1054 Rumperet
485 1003 494 1044 ·‚
507 985 533 1036 δι
550 983 633 1054 glacie
651 985 741 1037 cursus
757 985 872 1038 frenaret
889 1001 1037 1055 aquarum,

320 1083 375 1136 lue
392 1099 496 1134 comam
512 1080 604 1133 mollis
619 1079 670 1144 iam
687 1082 812 1134 tondebat
825 1081 982 1151 hyacinthi,

323 1179 453 1234 AEstatem
465 1179 624 1246 increpitans
636 1179 720 1231 seram
727 1179 918 1249 Zephyrosque
927 1194 1074 1233 morantes.

323 1278 401 1347 Ergo
416 1263 513 1346 apibus
525 1276 586 1329 setis
603 1276 673 1330 idem
689 1291 770 1346 atque
786 1276 908 1330 examine
924 1279 1010 1331 multo

325 1373 433 1427 Primus
446 1375 595 1437 abundare,
608 1373 635 1425 dt
648 1373 797 1442 spumantia
812 1391 907 1444 cogere
922 1373 1010 1443 pteffis
1038 1444 1041 1449 q
1067 1388 1120 1437 ¹40

325 1471 412 1524 Mesia
430 1469 501 1522 savis
515 1487 524 1523 t
540 1469 581 1521 illi
599 1468 683 1530 tiliae,
699 1483 779 1539 atque
795 1469 928 1522 uberrima
943 1471 1038 1539 pinum

325 1569 458 1636 Quotque
474 1568 504 1619 in
517 1565 585 1619 flore
601 1583 677 1619 novo
690 1564 779 1639 pomis
793 1565 819 1618 se
834 1565 930 1619 fertilis
946 1569 1024 1645 arbos

321 1668 462 1729 Induerat,
478 1664 590 1718 totidem
604 1655 733 1717 autumno
749 1679 850 1717 matura
864 1666 981 1719 tenebat·

325 1763 377 1816 Ille
390 1762 471 1816 etiam
486 1763 556 1816 seras
573 1761 601 1815 in
616 1763 723 1816 versum
739 1761 836 1816 distulit
849 1765 958 1830 tilmos,

317 1860 494 1930 .F.duramque
505 1860 611 1928 pirum,
624 1861 651 1912 δι
662 1860 754 1929 spinos
765 1859 819 1927 jam
833 1877 916 1930 pruna
926 1862 1056 1920 serentes,
1068 1875 1117 1927 145

327 1956 441 2024 Jamque
452 1955 643 2008 ministrantem
654 1957 791 2024 platanum
802 1956 954 2024 potantibus
968 1957 1084 2010 umbras.

328 2051 433 2106 Verum
448 2052 504 2104 hac
522 2051 575 2118 ipse
590 2050 714 2120 equidem
732 2051 823 2125 spatiis
836 2051 958 2106 exclusus
972 2051 1092 2129 iniquis,

328 2147 479 2214 Praetereo,
497 2163 577 2218 atque
592 2148 652 2202 aliis
667 2146 727 2218 prist
743 2167 785 2203 me
797 2150 968 2204 memoranda
984 2150 1121 2220 relinquo.

366 2246 444 2298 Nunc
460 2262 528 2315 age,
544 2260 648 2297 naturas
666 2246 757 2314 apibus
773 2264 836 2315 quas
853 2246 958 2315 Jupiter
973 2244 1030 2314 ipse

330 2340 454 2403 Addidit,
466 2340 625 2408 expediam,
638 2358 688 2409 pro
702 2341 754 2410 quai
769 2344 888 2395 mercede
899 2378 907 2403 ,
917 2358 1031 2393 canoros
1071 2354 1125 2406 150

334 2436 462 2489 Curetum
479 2436 582 2489 sonitus
597 2438 807 2507 crepitantiaque
822 2454 872 2489 aera
886 2436 1001 2500 secute,

333 2535 439 2588 Disiaeo
456 2535 520 2587 coeli
536 2551 625 2605 regem
643 2533 741 2601 pavsre
756 2535 802 2586 sub
821 2548 908 2585 antto.

368 2634 439 2685 Solae
455 2650 612 2686 communes
628 2648 727 2695 natos.
745 2631 880 2707 consortia
895 2630 963 2684 testa
986 2679 991 2689 ,

335 2729 415 2782 Urbis
425 2730 524 2782 habent
534 2768 543 2792 ,
554 2729 706 2799 magnisque
718 2729 817 2799 agitant
828 2730 874 2782 sub
885 2729 987 2799 legibus
999 2743 1084 2779 aevum
1098 2745 1107 2785 ;

334 2825 367 2876 Et
383 2825 498 2894 patriam
514 2824 577 2877 solae
595 2826 622 2877 dt
638 2841 725 2877 certos
741 2824 843 2877 nouste
859 2824 989 2883 Penates3
1075 2840 1103 2887 15
1110 2840 1125 2888 5

334 2921 518 2990 Venturaeque
535 2919 631 2972 hiemis
647 2938 796 2985 memores,
813 2920 899 2985 aestate
917 2920 1036 2971 laborem

333 3018 534 3085 Experiuntur,
551 3019 577 3070 ὅ(
590 3018 620 3069 in
637 3018 754 3070 medium
771 3017 878 3087 quaesita
891 3020 1035 3086 reponunt'.

334 3115 456 3182 Namque
475 3114 533 3166 aliae
550 3113 624 3165 victu
638 3095 797 3184 invigilant,
811 3115 837 3167 &
852 3115 952 3168 soedere
969 3115 1048 3184 passo

335 3210 502 3263 Exercentur
518 3211 588 3281 agris
603 3231 611 3273 3
631 3231 690 3283 pars
706 3214 776 3267 iutr'a
792 3202 863 3282 septa
881 3216 1022 3267 domorum

337 3306 450 3360 Narcissi
466 3308 620 3371 lacrimam,
639 3312 665 3365 ἃ
679 3315 782 3370 lentum
795 3312 827 3376 de
841 3312 940 3366 cortice
955 3316 1062 3381 gluten,
1082 3312 1134 3363 160

932 3409 950 3459 F
970 3427 990 3463 v
