2859 4325
484 595 719 717 Lrnnn
777 598 882 683 IV..
970 625 1046 712 253

314 765 393 818 Fama
403 763 483 832 prior.
494 762 546 816 Cui
559 779 602 816 me
613 736 797 815 moribundam
809 759 921 823 deseris,
933 759 1050 828 hospes?

315 863 377 914 Hoc
393 861 478 916 solum
490 878 590 915 nomen
604 860 732 931 quoniam
749 861 781 912 de
796 856 910 928 conjuge
925 854 1012 929 restat.

316 957 503 1024 Quidmutot?
511 975 544 1012 an
551 974 610 1011 mea
616 956 774 1027 Pygmalion
781 956 843 1008 dum
849 951 949 1007 muenia
955 953 1034 1006 stater
1047 965 1097 1019 3²5

315 1052 457 1108 Destruat?
472 1070 516 1107 aut
530 1069 634 1122 captam
651 1054 728 1106 ducat
744 1051 864 1106 Gaetulus
878 1049 986 1103 Iarbas?

317 1151 416 1202 Saltem
432 1149 453 1201 fi
467 1167 518 1218 qua
536 1148 604 1202 mihi
621 1150 653 1201 de
669 1162 695 1201 te
713 1146 831 1214 suscepta
845 1144 933 1199 fuisset
1015 1208 1018 1216 1

315 1247 386 1297 Ante
401 1245 489 1314 sugam
509 1244 636 1304 seboim
652 1241 747 1312 siquis
767 1241 834 1294 mihi
850 1244 976 1309 parvulus
991 1239 1051 1296 auld
1126 1289 1128 1292 .

318 1341 434 1392 Luderet
449 1339 568 1398 AEneas,
584 1338 631 1408 qui
647 1353 674 1392 te
687 1337 790 1390 tannim
808 1353 855 1390 ore
871 1335 978 1390 referret
987 1355 998 1399 3

318 1435 383 1486 Non
396 1432 519 1502 equidem
534 1432 648 1486 omniuo
663 1447 738 1501 capta
753 1448 783 1484 ac
798 1431 897 1486 deserta
912 1431 1028 1488 viderer.
1054 1448 1107 1503 330

354 1528 478 1582 Dixerat.
492 1530 541 1581 Isse
558 1522 637 1582 Jovis
654 1527 766 1581 monitis
782 1527 896 1582 immota
912 1528 1019 1580 tenebat

317 1625 447 1688 Lumina,
459 1625 485 1677 δι
495 1624 610 1679 obnixus
622 1641 710 1678 curam
722 1625 769 1679 sub
780 1625 859 1678 corde
869 1624 1015 1692 premebat.

317 1723 435 1775 Tandem
444 1738 526 1790 pauca
534 1722 694 1793 referteligo
703 1738 814 1791 te‚quae
822 1719 935 1789 plurima
943 1720 1023 1775 fando

318 1818 476 1872 Enumerare
490 1820 583 1882 vales,
600 1834 764 1887 numquam,
779 1819 899 1887 Regina,
915 1818 1018 1889 negabo

319 1915 494 1967 Promeritam
504 1934 511 1968 t
522 1932 571 1968 nec
581 1931 624 1968 me
634 1896 782 1968 meminisse
792 1915 893 1986 pigebit
903 1915 978 1969 Elisae
989 1933 998 1976 3
1052 1928 1083 1990 33
1090 1935 1102 1985 5

318 2011 1044 2085 Dummemoripsemei,dumspiritushosregitartus·

317 2105 1050 2182 Protepuucaloquat.Neq;egohancabscunderesurtu

318 2204 444 2272 Speravi,
453 2224 486 2259 tte
494 2207 578 2277 finge,
589 2209 693 2277 sugam
702 2225 751 2261 nec
759 2208 879 2278 coniugis
888 2226 1013 2279 umquem

320 2301 451 2354 Praetendi
462 2302 617 2363 taedas‚aut
631 2302 687 2354 haec
703 2300 732 2353 in
744 2302 844 2354 soedeta
860 2301 934 2356 veni.
964 2333 968 2339 ·
1092 2289 1095 2292 ⁵

320 2397 367 2449 Me
384 2395 403 2448 fi
418 2396 478 2449 Fata
494 2394 561 2448 meis
578 2408 731 2464 paterentur
746 2395 840 2449 ducere
854 2395 939 2448 vitam
1055 2408 1108 2464 340

320 2491 471 2559 Auspiciis,
487 2492 622 2557 &sponte
637 2490 697 2542 med
712 2506 875 2559 componere
893 2507 989 2552 curaee

321 2589 422 2640 Urbem
438 2584 580 2651 Troianam
599 2585 734 2655 primam,
750 2586 888 2655 dulcesque
903 2602 1026 2640 meorum

321 2681 467 2753 Relliquias
480 2685 596 2736 colerem
606 2700 614 2742 3
625 2682 721 2737 Priami
732 2682 799 2745 tedia
810 2686 862 2738 alta
871 2697 1028 2744 manerent·,

320 2782 353 2835 Et
367 2781 481 2834 recidiva
496 2799 577 2836 manu
593 2780 735 2851 posuissem
753 2782 878 2852 Pergama
890 2778 984 2833 vidis.
1094 2772 1096 2776 ’

323 2877 374 2929 Sed
389 2893 458 2929 nunc
472 2877 575 2932 ltaliam
591 2894 710 2950 magnam
729 2878 855 2947 Gryneus
871 2879 987 2946 Apollo,
1055 2894 1105 2948 345

323 2972 426 3037 ltaliam
442 2972 530 3043 Lyciae
545 2972 638 3038 jussere
655 2973 785 3043 capessere
800 2976 894 3029 sortes.

321 3070 372 3123 Hic
381 3086 455 3121 amor
466 3107 473 3131 ‚
484 3070 539 3122 haec
549 3069 632 3138 patria
641 3070 685 3125 est.
698 3070 727 3123 si
739 3086 765 3123 te
776 3068 941 3142 Carthaginis
952 3084 1025 3126 arces

322 3163 665 3235 Phoeniffnm.Libycaeque
680 3166 798 3235 aspedius
813 3167 915 3220 detinet
929 3168 999 3221 urbis
1012 3186 1021 3228 ς

323 3264 390 3331 Quae
399 3264 503 3319 tandem
515 3302 523 3331 ,
534 3262 652 3319 Ausonii
661 3265 780 3321 Teucros
789 3264 922 3321 confidete
934 3262 1003 3323 terri
1010 3299 1020 3329 ,
