<?xml version="1.0" encoding="UTF-8"?>
<!DOCTYPE html PUBLIC "-//W3C//DTD XHTML 1.0 Transitional//EN"
    "http://www.w3.org/TR/xhtml1/DTD/xhtml1-transitional.dtd">
<html xmlns="http://www.w3.org/1999/xhtml" xml:lang="en" lang="en">
 <head>
  <title>
</title>
<meta http-equiv="Content-Type" content="text/html;charset=utf-8" />
  <meta name='ocr-system' content='tesseract 3.04.00' />
  <meta name='ocr-capabilities' content='ocr_page ocr_carea ocr_par ocr_line ocrx_word'/>
</head>
<body>
  <div class='ocr_page' id='page_1' title='image "./publiivirgiliim00cappgoog/publiivirgiliim00cappgoog_0044.png"; bbox 0 0 2859 4325; ppageno 0'>
   <div class='ocr_carea' id='block_1_1' title="bbox 324 576 871 675">
    <p class='ocr_par' dir='ltr' id='par_1_1' title="bbox 324 576 871 675">
     <span class='ocr_line' id='line_1_1' title="bbox 324 576 871 675; baseline 0 -29"><span class='ocrx_word' id='word_1_1' title='bbox 324 576 386 675; x_wconf 72' lang='lat' dir='ltr'>xiij</span> <span class='ocrx_word' id='word_1_2' title='bbox 581 581 871 651; x_wconf 73' lang='lat' dir='ltr'>Virrnrnrr</span> 
     </span>
    </p>
   </div>
   <div class='ocr_carea' id='block_1_2' title="bbox 323 699 1154 3439">
    <p class='ocr_par' dir='ltr' id='par_1_2' title="bbox 323 699 1154 1791">
     <span class='ocr_line' id='line_1_2' title="bbox 323 699 1116 781; baseline 0.004 -26"><span class='ocrx_word' id='word_1_3' title='bbox 323 703 490 773; x_wconf 70' lang='lat' dir='ltr'>suppositum</span> <span class='ocrx_word' id='word_1_4' title='bbox 512 707 659 774; x_wconf 82' lang='lat' dir='ltr'>appellabat</span> <span class='ocrx_word' id='word_1_5' title='bbox 681 722 761 757; x_wconf 81' lang='lat' dir='ltr'>novae</span> <span class='ocrx_word' id='word_1_6' title='bbox 779 699 973 781; x_wconf 67' lang='grc' dir='ltr'>κακιζηλίας</span> <span class='ocrx_word' id='word_1_7' title='bbox 993 720 1116 773; x_wconf 81' lang='lat' dir='ltr'>reperto·</span> 
     </span>
     <span class='ocr_line' id='line_1_3' title="bbox 324 783 1114 852; baseline 0.009 -22"><span class='ocrx_word' id='word_1_8' title='bbox 324 797 403 841; x_wconf 76' lang='lat' dir='ltr'>rem,</span> <span class='ocrx_word' id='word_1_9' title='bbox 426 783 581 850; x_wconf 73' lang='lat' dir='ltr'>dicebatque</span> <span class='ocrx_word' id='word_1_10' title='bbox 599 799 685 850; x_wconf 87' lang='lat' dir='ltr'>neque</span> <span class='ocrx_word' id='word_1_11' title='bbox 704 784 834 834; x_wconf 90' lang='lat' dir='ltr'>tumidum</span> <span class='ocrx_word' id='word_1_12' title='bbox 853 783 925 846; x_wconf 82' lang='lat' dir='ltr'>effe,</span> <span class='ocrx_word' id='word_1_13' title='bbox 947 800 1036 852; x_wconf 88' lang='lat' dir='ltr'>neque</span> <span class='ocrx_word' id='word_1_14' title='bbox 1056 786 1114 837; x_wconf 81' lang='lat' dir='ltr'>exi·</span> 
     </span>
     <span class='ocr_line' id='line_1_4' title="bbox 324 855 1116 923; baseline 0.008 -17"><span class='ocrx_word' id='word_1_15' title='bbox 324 855 399 909; x_wconf 85' lang='lat' dir='ltr'>lem.</span> <span class='ocrx_word' id='word_1_16' title='bbox 419 855 462 906; x_wconf 85' lang='lat' dir='ltr'>led</span> <span class='ocrx_word' id='word_1_17' title='bbox 484 871 519 905; x_wconf 82' lang='lat' dir='ltr'>ex</span> <span class='ocrx_word' id='word_1_18' title='bbox 536 858 722 907; x_wconf 73' lang='lat' dir='ltr'>communibus</span> <span class='ocrx_word' id='word_1_19' title='bbox 742 858 831 908; x_wconf 82' lang='lat' dir='ltr'>verbis</span> <span class='ocrx_word' id='word_1_20' title='bbox 849 872 918 923; x_wconf 87' lang='lat' dir='ltr'>opus</span> <span class='ocrx_word' id='word_1_21' title='bbox 936 858 1002 917; x_wconf 88' lang='lat' dir='ltr'>illud</span> <span class='ocrx_word' id='word_1_22' title='bbox 1024 858 1116 912; x_wconf 83' lang='lat' dir='ltr'>confe-</span> 
     </span>
     <span class='ocr_line' id='line_1_5' title="bbox 324 927 1116 994; baseline 0.008 -15"><span class='ocrx_word' id='word_1_23' title='bbox 324 927 399 981; x_wconf 80' lang='lat' dir='ltr'>ciffe.</span> <span class='ocrx_word' id='word_1_24' title='bbox 411 927 561 980; x_wconf 82' lang='lat' dir='ltr'>Herennius</span> <span class='ocrx_word' id='word_1_25' title='bbox 573 931 640 981; x_wconf 88' lang='lat' dir='ltr'>vitia</span> <span class='ocrx_word' id='word_1_26' title='bbox 651 928 707 990; x_wconf 80' lang='lat' dir='ltr'>ejus</span> <span class='ocrx_word' id='word_1_27' title='bbox 721 932 823 982; x_wconf 88' lang='lat' dir='ltr'>tannim</span> <span class='ocrx_word' id='word_1_28' title='bbox 835 933 988 994; x_wconf 85' lang='lat' dir='ltr'>contraxit,</span> <span class='ocrx_word' id='word_1_29' title='bbox 1002 931 1116 985; x_wconf 74' lang='lat' dir='ltr'>Petilius</span> 
     </span>
     <span class='ocr_line' id='line_1_6' title="bbox 324 999 1116 1073; baseline 0.009 -21"><span class='ocrx_word' id='word_1_30' title='bbox 324 999 460 1054; x_wconf 76' lang='lat' dir='ltr'>Faustinus</span> <span class='ocrx_word' id='word_1_31' title='bbox 472 1003 550 1055; x_wconf 83' lang='lat' dir='ltr'>furta.</span> <span class='ocrx_word' id='word_1_32' title='bbox 563 1003 630 1054; x_wconf 90' lang='lat' dir='ltr'>Sunt</span> <span class='ocrx_word' id='word_1_33' title='bbox 647 1005 673 1054; x_wconf 82' lang='lat' dir='ltr'>bt</span> <span class='ocrx_word' id='word_1_34' title='bbox 686 1004 725 1069; x_wconf 80' lang='lat' dir='ltr'>Q.</span> <span class='ocrx_word' id='word_1_35' title='bbox 736 1002 845 1054; x_wconf 76' lang='lat' dir='ltr'>ouavii</span> <span class='ocrx_word' id='word_1_36' title='bbox 860 1003 937 1056; x_wconf 80' lang='lat' dir='ltr'>Aviti</span> <span class='ocrx_word' id='word_1_37' title='bbox 952 1005 1116 1073; x_wconf 85' lang='lat' dir='ltr'>volumina,</span> 
     </span>
     <span class='ocr_line' id='line_1_7' title="bbox 326 1075 1116 1144; baseline 0.009 -17"><span class='ocrx_word' id='word_1_38' title='bbox 326 1075 426 1143; x_wconf 74' lang='lat' dir='ltr'>quibus</span> <span class='ocrx_word' id='word_1_39' title='bbox 442 1091 604 1128; x_wconf 82' lang='lat' dir='ltr'>annotantur</span> <span class='ocrx_word' id='word_1_40' title='bbox 619 1093 689 1144; x_wconf 83' lang='lat' dir='ltr'>quos</span> <span class='ocrx_word' id='word_1_41' title='bbox 706 1078 733 1128; x_wconf 77' lang='grc' dir='ltr'>δι</span> <span class='ocrx_word' id='word_1_42' title='bbox 749 1079 819 1129; x_wconf 91' lang='lat' dir='ltr'>unde</span> <span class='ocrx_word' id='word_1_43' title='bbox 835 1077 927 1129; x_wconf 85' lang='lat' dir='ltr'>versus</span> <span class='ocrx_word' id='word_1_44' title='bbox 944 1077 1116 1134; x_wconf 81' lang='lat' dir='ltr'>transtulerit.</span> 
     </span>
     <span class='ocr_line' id='line_1_8' title="bbox 325 1148 1116 1218; baseline 0.006 -18"><span class='ocrx_word' id='word_1_45' title='bbox 325 1148 458 1200; x_wconf 81' lang='lat' dir='ltr'>Asconius</span> <span class='ocrx_word' id='word_1_46' title='bbox 469 1150 618 1212; x_wconf 84' lang='lat' dir='ltr'>Pedianus,</span> <span class='ocrx_word' id='word_1_47' title='bbox 634 1150 704 1202; x_wconf 91' lang='lat' dir='ltr'>libro</span> <span class='ocrx_word' id='word_1_48' title='bbox 719 1167 797 1218; x_wconf 90' lang='lat' dir='ltr'>quem</span> <span class='ocrx_word' id='word_1_49' title='bbox 813 1165 906 1202; x_wconf 86' lang='lat' dir='ltr'>contra</span> <span class='ocrx_word' id='word_1_50' title='bbox 923 1150 1116 1206; x_wconf 63' lang='lat' dir='ltr'>obtreCiatoreu</span> 
     </span>
     <span class='ocr_line' id='line_1_9' title="bbox 324 1221 1115 1295; baseline 0.006 -22"><span class='ocrx_word' id='word_1_51' title='bbox 324 1221 437 1292; x_wconf 74' lang='lat' dir='ltr'>Virgilii</span> <span class='ocrx_word' id='word_1_52' title='bbox 453 1223 574 1290; x_wconf 74' lang='lat' dir='ltr'>scriplir,</span> <span class='ocrx_word' id='word_1_53' title='bbox 593 1240 676 1291; x_wconf 90' lang='lat' dir='ltr'>pauca</span> <span class='ocrx_word' id='word_1_54' title='bbox 692 1225 833 1276; x_wconf 83' lang='lat' dir='ltr'>admodum</span> <span class='ocrx_word' id='word_1_55' title='bbox 851 1224 877 1275; x_wconf 91' lang='lat' dir='ltr'>ei</span> <span class='ocrx_word' id='word_1_56' title='bbox 893 1223 996 1286; x_wconf 72' lang='lat' dir='ltr'>obiecla</span> <span class='ocrx_word' id='word_1_57' title='bbox 1011 1239 1115 1295; x_wconf 82' lang='lat' dir='ltr'>propo·</span> 
     </span>
     <span class='ocr_line' id='line_1_10' title="bbox 324 1294 1115 1366; baseline 0.005 -18"><span class='ocrx_word' id='word_1_58' title='bbox 324 1294 387 1358; x_wconf 84' lang='lat' dir='ltr'>nit,</span> <span class='ocrx_word' id='word_1_59' title='bbox 404 1299 429 1348; x_wconf 82' lang='lat' dir='ltr'>bt</span> <span class='ocrx_word' id='word_1_60' title='bbox 446 1297 628 1365; x_wconf 83' lang='lat' dir='ltr'>potillnnirm‚</span> <span class='ocrx_word' id='word_1_61' title='bbox 646 1295 719 1366; x_wconf 78' lang='lat' dir='ltr'>quod</span> <span class='ocrx_word' id='word_1_62' title='bbox 735 1314 790 1349; x_wconf 91' lang='lat' dir='ltr'>uon</span> <span class='ocrx_word' id='word_1_63' title='bbox 806 1296 877 1349; x_wconf 74' lang='lat' dir='ltr'>redl&#39;e</span> <span class='ocrx_word' id='word_1_64' title='bbox 894 1297 1033 1350; x_wconf 86' lang='lat' dir='ltr'>historiam</span> <span class='ocrx_word' id='word_1_65' title='bbox 1051 1316 1115 1352; x_wconf 87' lang='lat' dir='ltr'>con·</span> 
     </span>
     <span class='ocr_line' id='line_1_11' title="bbox 324 1370 1116 1440; baseline 0.005 -19"><span class='ocrx_word' id='word_1_66' title='bbox 324 1370 433 1432; x_wconf 78' lang='lat' dir='ltr'>texuit,</span> <span class='ocrx_word' id='word_1_67' title='bbox 448 1373 474 1422; x_wconf 78' lang='grc' dir='ltr'>δι</span> <span class='ocrx_word' id='word_1_68' title='bbox 496 1370 568 1438; x_wconf 80' lang='lat' dir='ltr'>quod</span> <span class='ocrx_word' id='word_1_69' title='bbox 588 1375 714 1437; x_wconf 78' lang='lat' dir='ltr'>pleraque</span> <span class='ocrx_word' id='word_1_70' title='bbox 733 1373 765 1422; x_wconf 89' lang='lat' dir='ltr'>ab</span> <span class='ocrx_word' id='word_1_71' title='bbox 781 1373 904 1423; x_wconf 84' lang='lat' dir='ltr'>Homero</span> <span class='ocrx_word' id='word_1_72' title='bbox 924 1371 1043 1440; x_wconf 73' lang='lat' dir='ltr'>sumpsit.</span> <span class='ocrx_word' id='word_1_73' title='bbox 1065 1374 1116 1426; x_wconf 85' lang='lat' dir='ltr'>Sed</span> 
     </span>
     <span class='ocr_line' id='line_1_12' title="bbox 324 1443 1118 1498; baseline 0.001 -2"><span class='ocrx_word' id='word_1_74' title='bbox 324 1444 378 1496; x_wconf 91' lang='lat' dir='ltr'>huc</span> <span class='ocrx_word' id='word_1_75' title='bbox 395 1443 497 1495; x_wconf 80' lang='lat' dir='ltr'>crimen</span> <span class='ocrx_word' id='word_1_76' title='bbox 514 1444 549 1495; x_wconf 81' lang='lat' dir='ltr'>stc</span> <span class='ocrx_word' id='word_1_77' title='bbox 566 1445 705 1497; x_wconf 85' lang='lat' dir='ltr'>defendere</span> <span class='ocrx_word' id='word_1_78' title='bbox 722 1443 848 1496; x_wconf 77' lang='lat' dir='ltr'>alluetutn</span> <span class='ocrx_word' id='word_1_79' title='bbox 867 1445 904 1495; x_wconf 90' lang='lat' dir='ltr'>ait</span> <span class='ocrx_word' id='word_1_80' title='bbox 921 1463 929 1498; x_wconf 78' lang='grc' dir='ltr'>ι</span> <span class='ocrx_word' id='word_1_81' title='bbox 946 1449 994 1495; x_wconf 79' lang='lat' dir='ltr'>Cur</span> <span class='ocrx_word' id='word_1_82' title='bbox 1008 1462 1057 1495; x_wconf 85' lang='lat' dir='ltr'>non</span> <span class='ocrx_word' id='word_1_83' title='bbox 1077 1445 1118 1497; x_wconf 82' lang='lat' dir='ltr'>illi</span> 
     </span>
     <span class='ocr_line' id='line_1_13' title="bbox 324 1514 1117 1584; baseline 0.006 -19"><span class='ocrx_word' id='word_1_84' title='bbox 324 1535 413 1584; x_wconf 75' lang='lat' dir='ltr'>qnoque</span> <span class='ocrx_word' id='word_1_85' title='bbox 427 1519 506 1566; x_wconf 81' lang='lat' dir='ltr'>eadem</span> <span class='ocrx_word' id='word_1_86' title='bbox 516 1514 586 1582; x_wconf 76' lang='lat' dir='ltr'>firm</span> <span class='ocrx_word' id='word_1_87' title='bbox 601 1518 743 1568; x_wconf 65' lang='lat' dir='ltr'>tentarat?</span> <span class='ocrx_word' id='word_1_88' title='bbox 762 1516 845 1568; x_wconf 78' lang='lat' dir='ltr'>Veniat</span> <span class='ocrx_word' id='word_1_89' title='bbox 860 1518 1034 1580; x_wconf 76' lang='grc' dir='ltr'>ιἰιτιίΙιᾶιινω,</span> <span class='ocrx_word' id='word_1_90' title='bbox 1050 1517 1117 1584; x_wconf 79' lang='lat' dir='ltr'>faci·</span> 
     </span>
     <span class='ocr_line' id='line_1_14' title="bbox 326 1589 1154 1660; baseline 0.005 -20"><span class='ocrx_word' id='word_1_91' title='bbox 326 1591 377 1640; x_wconf 75' lang='lat' dir='ltr'>lius</span> <span class='ocrx_word' id='word_1_92' title='bbox 392 1589 434 1658; x_wconf 78' lang='lat' dir='ltr'>effe</span> <span class='ocrx_word' id='word_1_93' title='bbox 444 1591 543 1640; x_wconf 77' lang='lat' dir='ltr'>Herculi</span> <span class='ocrx_word' id='word_1_94' title='bbox 554 1591 668 1654; x_wconf 76' lang='lat' dir='ltr'>claram,</span> <span class='ocrx_word' id='word_1_95' title='bbox 685 1594 754 1658; x_wconf 64' lang='lat' dir='ltr'>quaint</span> <span class='ocrx_word' id='word_1_96' title='bbox 767 1592 871 1642; x_wconf 80' lang='lat' dir='ltr'>Homero</span> <span class='ocrx_word' id='word_1_97' title='bbox 883 1592 971 1655; x_wconf 76' lang='lat' dir='ltr'>nerfirm</span> <span class='ocrx_word' id='word_1_98' title='bbox 982 1590 1116 1660; x_wconf 65' lang='lat' dir='ltr'>surriperer</span> <span class='ocrx_word' id='word_1_99' title='bbox 1150 1616 1154 1625; x_wconf 87' lang='lat'><strong>·</strong></span> 
     </span>
     <span class='ocr_line' id='line_1_15' title="bbox 325 1664 1117 1730; baseline 0.006 -15"><span class='ocrx_word' id='word_1_100' title='bbox 325 1664 353 1716; x_wconf 78' lang='lat' dir='ltr'>bc</span> <span class='ocrx_word' id='word_1_101' title='bbox 364 1679 453 1716; x_wconf 87' lang='lat' dir='ltr'>tarnen</span> <span class='ocrx_word' id='word_1_102' title='bbox 470 1665 603 1717; x_wconf 79' lang='lat' dir='ltr'>deliinalie</span> <span class='ocrx_word' id='word_1_103' title='bbox 614 1666 735 1718; x_wconf 85' lang='lat' dir='ltr'>secedere</span> <span class='ocrx_word' id='word_1_104' title='bbox 747 1701 757 1730; x_wconf 81' lang='grc'>,</span> <span class='ocrx_word' id='word_1_105' title='bbox 769 1681 798 1717; x_wconf 88' lang='lat' dir='ltr'>ut</span> <span class='ocrx_word' id='word_1_106' title='bbox 814 1665 906 1718; x_wconf 87' lang='lat' dir='ltr'>omnia</span> <span class='ocrx_word' id='word_1_107' title='bbox 918 1667 950 1718; x_wconf 90' lang='lat' dir='ltr'>ad</span> <span class='ocrx_word' id='word_1_108' title='bbox 968 1666 1117 1721; x_wconf 86' lang='lat' dir='ltr'>satietatem</span> 
     </span>
     <span class='ocr_line' id='line_1_16' title="bbox 324 1739 681 1791; baseline 0.003 -1"><span class='ocrx_word' id='word_1_109' title='bbox 324 1739 521 1790; x_wconf 84' lang='lat' dir='ltr'>malevolorum</span> <span class='ocrx_word' id='word_1_110' title='bbox 539 1739 681 1791; x_wconf 87' lang='lat' dir='ltr'>decideret.</span> 
     </span>
    </p>

    <p class='ocr_par' dir='ltr' id='par_1_3' title="bbox 326 1811 1121 3439">
     <span class='ocr_line' id='line_1_17' title="bbox 366 1811 1118 1884; baseline 0.007 -21"><span class='ocrx_word' id='word_1_111' title='bbox 366 1813 458 1864; x_wconf 86' lang='lat' dir='ltr'>Refert</span> <span class='ocrx_word' id='word_1_112' title='bbox 473 1812 555 1864; x_wconf 88' lang='lat' dir='ltr'>etiam</span> <span class='ocrx_word' id='word_1_113' title='bbox 575 1812 725 1872; x_wconf 80' lang='lat' dir='ltr'>Pedianus,</span> <span class='ocrx_word' id='word_1_114' title='bbox 745 1811 911 1882; x_wconf 80' lang='lat' dir='ltr'>benignum,</span> <span class='ocrx_word' id='word_1_115' title='bbox 932 1813 1118 1884; x_wconf 77' lang='lat' dir='ltr'>cultoremque</span> 
     </span>
     <span class='ocr_line' id='line_1_18' title="bbox 326 1885 1117 1955; baseline 0.005 -19"><span class='ocrx_word' id='word_1_116' title='bbox 326 1886 450 1937; x_wconf 89' lang='lat' dir='ltr'>omnium</span> <span class='ocrx_word' id='word_1_117' title='bbox 470 1886 602 1938; x_wconf 88' lang='lat' dir='ltr'>bonorum</span> <span class='ocrx_word' id='word_1_118' title='bbox 621 1903 702 1955; x_wconf 88' lang='lat' dir='ltr'>arque</span> <span class='ocrx_word' id='word_1_119' title='bbox 722 1886 888 1939; x_wconf 87' lang='lat' dir='ltr'>eruditorum</span> <span class='ocrx_word' id='word_1_120' title='bbox 906 1885 983 1938; x_wconf 81' lang='lat' dir='ltr'>iuiffe</span> <span class='ocrx_word' id='word_1_121' title='bbox 998 1924 1006 1950; x_wconf 88' lang='lat'><em>,</em></span> <span class='ocrx_word' id='word_1_122' title='bbox 1024 1888 1051 1940; x_wconf 76' lang='grc' dir='ltr'>δι</span> <span class='ocrx_word' id='word_1_123' title='bbox 1073 1890 1117 1940; x_wconf 88' lang='lat' dir='ltr'>us·</span> 
     </span>
     <span class='ocr_line' id='line_1_19' title="bbox 327 1959 1118 2028; baseline 0.004 -18"><span class='ocrx_word' id='word_1_124' title='bbox 327 1976 380 2026; x_wconf 90' lang='lat' dir='ltr'>que</span> <span class='ocrx_word' id='word_1_125' title='bbox 394 1961 460 2011; x_wconf 90' lang='lat' dir='ltr'>adeo</span> <span class='ocrx_word' id='word_1_126' title='bbox 477 1960 585 2011; x_wconf 75' lang='lat' dir='ltr'>invidia</span> <span class='ocrx_word' id='word_1_127' title='bbox 600 1975 762 2026; x_wconf 82' lang='lat' dir='ltr'>expertem,</span> <span class='ocrx_word' id='word_1_128' title='bbox 779 1977 829 2025; x_wconf 90' lang='lat' dir='ltr'>ut,</span> <span class='ocrx_word' id='word_1_129' title='bbox 844 1959 863 2010; x_wconf 80' lang='lat' dir='ltr'><strong>fi</strong></span> <span class='ocrx_word' id='word_1_130' title='bbox 877 1959 942 2028; x_wconf 90' lang='lat' dir='ltr'>quid</span> <span class='ocrx_word' id='word_1_131' title='bbox 957 1960 1062 2014; x_wconf 71' lang='lat' dir='ltr'>erudire</span> <span class='ocrx_word' id='word_1_132' title='bbox 1078 1962 1118 2013; x_wconf 90' lang='lat' dir='ltr'>di·</span> 
     </span>
     <span class='ocr_line' id='line_1_20' title="bbox 326 2031 1118 2101; baseline 0.004 -17"><span class='ocrx_word' id='word_1_133' title='bbox 326 2031 398 2084; x_wconf 72' lang='lat' dir='ltr'>diunt</span> <span class='ocrx_word' id='word_1_134' title='bbox 409 2032 557 2099; x_wconf 77' lang='lat' dir='ltr'>inspiceret</span> <span class='ocrx_word' id='word_1_135' title='bbox 575 2033 703 2097; x_wconf 81' lang='lat' dir='ltr'>alterius¹</span> <span class='ocrx_word' id='word_1_136' title='bbox 719 2050 776 2086; x_wconf 92' lang='lat' dir='ltr'>non</span> <span class='ocrx_word' id='word_1_137' title='bbox 791 2032 879 2086; x_wconf 77' lang='lat' dir='ltr'>minius</span> <span class='ocrx_word' id='word_1_138' title='bbox 891 2035 1015 2101; x_wconf 86' lang='lat' dir='ltr'>gauderet</span> <span class='ocrx_word' id='word_1_139' title='bbox 1026 2067 1034 2094; x_wconf 81' lang='lat'><strong>,</strong></span> <span class='ocrx_word' id='word_1_140' title='bbox 1056 2051 1086 2087; x_wconf 89' lang='lat' dir='ltr'>ac</span> <span class='ocrx_word' id='word_1_141' title='bbox 1099 2035 1118 2087; x_wconf 82' lang='lat' dir='ltr'>st</span> 
     </span>
     <span class='ocr_line' id='line_1_21' title="bbox 326 2103 1118 2177; baseline 0.001 -20"><span class='ocrx_word' id='word_1_142' title='bbox 326 2106 402 2157; x_wconf 86' lang='lat' dir='ltr'>suum</span> <span class='ocrx_word' id='word_1_143' title='bbox 418 2103 502 2158; x_wconf 80' lang='lat' dir='ltr'>luiiiet</span> <span class='ocrx_word' id='word_1_144' title='bbox 518 2124 525 2156; x_wconf 73' lang='grc' dir='ltr'><strong><em>ε</em></strong></span> <span class='ocrx_word' id='word_1_145' title='bbox 543 2107 677 2161; x_wconf 86' lang='lat' dir='ltr'>neminem</span> <span class='ocrx_word' id='word_1_146' title='bbox 695 2106 869 2177; x_wconf 87' lang='lat' dir='ltr'>vituperare,</span> <span class='ocrx_word' id='word_1_147' title='bbox 886 2108 992 2159; x_wconf 88' lang='lat' dir='ltr'>laudare</span> <span class='ocrx_word' id='word_1_148' title='bbox 1008 2108 1118 2169; x_wconf 53' lang='lat' dir='ltr'>bonum</span> 
     </span>
     <span class='ocr_line' id='line_1_22' title="bbox 326 2173 1120 2251; baseline 0.003 -18"><span class='ocrx_word' id='word_1_149' title='bbox 326 2179 358 2233; x_wconf 77' lang='lat' dir='ltr'>eri</span> <span class='ocrx_word' id='word_1_150' title='bbox 380 2173 544 2231; x_wconf 82' lang='lat' dir='ltr'>humanitate</span> <span class='ocrx_word' id='word_1_151' title='bbox 567 2180 644 2244; x_wconf 83' lang='lat' dir='ltr'>elle,</span> <span class='ocrx_word' id='word_1_152' title='bbox 666 2195 718 2240; x_wconf 83' lang='lat' dir='ltr'>ut.</span> <span class='ocrx_word' id='word_1_153' title='bbox 741 2180 790 2233; x_wconf 82' lang='lat' dir='ltr'>nili</span> <span class='ocrx_word' id='word_1_154' title='bbox 813 2181 953 2251; x_wconf 65' lang='lat' dir='ltr'>perversor</span> <span class='ocrx_word' id='word_1_155' title='bbox 974 2181 1120 2243; x_wconf 73' lang='lat' dir='ltr'>maxime,</span> 
     </span>
     <span class='ocr_line' id='line_1_23' title="bbox 326 2252 1118 2323; baseline 0.005 -18"><span class='ocrx_word' id='word_1_156' title='bbox 326 2252 440 2322; x_wconf 83' lang='lat' dir='ltr'>quisque</span> <span class='ocrx_word' id='word_1_157' title='bbox 452 2254 528 2306; x_wconf 87' lang='lat' dir='ltr'>illum</span> <span class='ocrx_word' id='word_1_158' title='bbox 545 2272 601 2306; x_wconf 92' lang='lat' dir='ltr'>non</span> <span class='ocrx_word' id='word_1_159' title='bbox 617 2254 741 2323; x_wconf 80' lang='lat' dir='ltr'>diligeret</span> <span class='ocrx_word' id='word_1_160' title='bbox 757 2252 840 2307; x_wconf 84' lang='lat' dir='ltr'>modb</span> <span class='ocrx_word' id='word_1_161' title='bbox 855 2292 863 2317; x_wconf 89' lang='lat'>,</span> <span class='ocrx_word' id='word_1_162' title='bbox 877 2254 921 2307; x_wconf 86' lang='lat' dir='ltr'>sed</span> <span class='ocrx_word' id='word_1_163' title='bbox 937 2272 1049 2310; x_wconf 87' lang='lat' dir='ltr'>amaret.</span> <span class='ocrx_word' id='word_1_164' title='bbox 1066 2257 1118 2309; x_wconf 83' lang='lat' dir='ltr'>Ni·</span> 
     </span>
     <span class='ocr_line' id='line_1_24' title="bbox 326 2326 1117 2397; baseline 0.001 -17"><span class='ocrx_word' id='word_1_165' title='bbox 326 2326 365 2380; x_wconf 91' lang='lat' dir='ltr'>hil</span> <span class='ocrx_word' id='word_1_166' title='bbox 387 2327 491 2397; x_wconf 85' lang='lat' dir='ltr'>proprii</span> <span class='ocrx_word' id='word_1_167' title='bbox 510 2328 605 2381; x_wconf 88' lang='lat' dir='ltr'>habere</span> <span class='ocrx_word' id='word_1_168' title='bbox 629 2329 778 2381; x_wconf 85' lang='lat' dir='ltr'>videbatur.</span> <span class='ocrx_word' id='word_1_169' title='bbox 798 2327 861 2394; x_wconf 77' lang='lat' dir='ltr'>Ejus</span> <span class='ocrx_word' id='word_1_170' title='bbox 880 2327 1041 2381; x_wconf 80' lang='lat' dir='ltr'>bibliotheca</span> <span class='ocrx_word' id='word_1_171' title='bbox 1062 2344 1117 2381; x_wconf 90' lang='lat' dir='ltr'>non</span> 
     </span>
     <span class='ocr_line' id='line_1_25' title="bbox 326 2400 1118 2472; baseline 0.001 -18"><span class='ocrx_word' id='word_1_172' title='bbox 326 2400 416 2457; x_wconf 85' lang='lat' dir='ltr'>miniis</span> <span class='ocrx_word' id='word_1_173' title='bbox 430 2402 491 2455; x_wconf 83' lang='lat' dir='ltr'>aliis</span> <span class='ocrx_word' id='word_1_174' title='bbox 505 2402 590 2457; x_wconf 77' lang='lat' dir='ltr'>dodiis</span> <span class='ocrx_word' id='word_1_175' title='bbox 607 2406 712 2472; x_wconf 89' lang='lat' dir='ltr'>patebat</span> <span class='ocrx_word' id='word_1_176' title='bbox 725 2440 733 2463; x_wconf 79' lang='grc'>,</span> <span class='ocrx_word' id='word_1_177' title='bbox 748 2418 778 2453; x_wconf 86' lang='lat' dir='ltr'>ae</span> <span class='ocrx_word' id='word_1_178' title='bbox 794 2400 840 2453; x_wconf 88' lang='lat' dir='ltr'>libi</span> <span class='ocrx_word' id='word_1_179' title='bbox 853 2417 861 2452; x_wconf 81' lang='grc' dir='ltr'>ι</span> <span class='ocrx_word' id='word_1_180' title='bbox 875 2400 995 2470; x_wconf 87' lang='lat' dir='ltr'>illudque</span> <span class='ocrx_word' id='word_1_181' title='bbox 1010 2401 1118 2470; x_wconf 80' lang='lat' dir='ltr'>Euripi·</span> 
     </span>
     <span class='ocr_line' id='line_1_26' title="bbox 327 2473 1120 2547; baseline 0.01 -20"><span class='ocrx_word' id='word_1_182' title='bbox 327 2474 370 2528; x_wconf 73' lang='lat' dir='ltr'>dir</span> <span class='ocrx_word' id='word_1_183' title='bbox 380 2476 520 2546; x_wconf 85' lang='lat' dir='ltr'>antiquum</span> <span class='ocrx_word' id='word_1_184' title='bbox 531 2477 601 2545; x_wconf 77' lang='lat' dir='ltr'>saepe</span> <span class='ocrx_word' id='word_1_185' title='bbox 611 2476 769 2544; x_wconf 86' lang='lat' dir='ltr'>usurpabat:</span> <span class='ocrx_word' id='word_1_186' title='bbox 783 2494 825 2533; x_wconf 80' lang='lat' dir='ltr'>ror</span> <span class='ocrx_word' id='word_1_187' title='bbox 837 2476 898 2533; x_wconf 77' lang='grc' dir='ltr'>τῶν</span> <span class='ocrx_word' id='word_1_188' title='bbox 910 2476 1001 2547; x_wconf 71' lang='grc' dir='ltr'><strong><em>φίλων</em></strong></span> <span class='ocrx_word' id='word_1_189' title='bbox 1013 2473 1120 2546; x_wconf 72' lang='grc' dir='ltr'>κοινοὶ,</span> 
     </span>
     <span class='ocr_line' id='line_1_27' title="bbox 327 2556 1119 2624; baseline -0.001 -13"><span class='ocrx_word' id='word_1_190' title='bbox 327 2557 381 2611; x_wconf 86' lang='lat' dir='ltr'>hoc</span> <span class='ocrx_word' id='word_1_191' title='bbox 392 2556 448 2620; x_wconf 81' lang='lat' dir='ltr'>est,</span> <span class='ocrx_word' id='word_1_192' title='bbox 463 2564 595 2609; x_wconf 76' lang='lat' dir='ltr'>communia</span> <span class='ocrx_word' id='word_1_193' title='bbox 605 2563 732 2610; x_wconf 76' lang='lat' dir='ltr'>noricorum</span> <span class='ocrx_word' id='word_1_194' title='bbox 745 2556 787 2624; x_wconf 75' lang='lat' dir='ltr'>effe</span> <span class='ocrx_word' id='word_1_195' title='bbox 801 2560 892 2608; x_wconf 80' lang='lat' dir='ltr'>omnio.</span> <span class='ocrx_word' id='word_1_196' title='bbox 905 2556 994 2621; x_wconf 87' lang='lat' dir='ltr'>Quare</span> <span class='ocrx_word' id='word_1_197' title='bbox 1006 2571 1119 2611; x_wconf 75' lang='lat' dir='ltr'>coaevos</span> 
     </span>
     <span class='ocr_line' id='line_1_28' title="bbox 327 2630 1118 2695; baseline -0.005 -8"><span class='ocrx_word' id='word_1_198' title='bbox 327 2632 424 2687; x_wconf 83' lang='lat' dir='ltr'>omnes</span> <span class='ocrx_word' id='word_1_199' title='bbox 441 2631 537 2684; x_wconf 69' lang='lat' dir='ltr'>Poitas</span> <span class='ocrx_word' id='word_1_200' title='bbox 555 2633 593 2684; x_wconf 92' lang='lat' dir='ltr'>ita</span> <span class='ocrx_word' id='word_1_201' title='bbox 611 2631 749 2695; x_wconf 70' lang='lat' dir='ltr'>adjundos</span> <span class='ocrx_word' id='word_1_202' title='bbox 769 2630 881 2693; x_wconf 85' lang='lat' dir='ltr'>habuit,</span> <span class='ocrx_word' id='word_1_203' title='bbox 900 2645 950 2694; x_wconf 88' lang='lat' dir='ltr'>ut,</span> <span class='ocrx_word' id='word_1_204' title='bbox 967 2630 1027 2683; x_wconf 79' lang='lat' dir='ltr'>clim</span> <span class='ocrx_word' id='word_1_205' title='bbox 1047 2630 1118 2683; x_wconf 90' lang='lat' dir='ltr'>inter</span> 
     </span>
     <span class='ocr_line' id='line_1_29' title="bbox 326 2703 1120 2772; baseline 0 -15"><span class='ocrx_word' id='word_1_206' title='bbox 326 2704 355 2757; x_wconf 83' lang='lat' dir='ltr'>se</span> <span class='ocrx_word' id='word_1_207' title='bbox 371 2703 514 2772; x_wconf 79' lang='lat' dir='ltr'>plurimum</span> <span class='ocrx_word' id='word_1_208' title='bbox 530 2703 632 2756; x_wconf 80' lang='lat' dir='ltr'>invidid</span> <span class='ocrx_word' id='word_1_209' title='bbox 649 2706 790 2767; x_wconf 84' lang='lat' dir='ltr'>arderent,</span> <span class='ocrx_word' id='word_1_210' title='bbox 803 2705 878 2756; x_wconf 92' lang='lat' dir='ltr'>illum</span> <span class='ocrx_word' id='word_1_211' title='bbox 893 2704 946 2756; x_wconf 74' lang='lat' dir='ltr'>unci</span> <span class='ocrx_word' id='word_1_212' title='bbox 961 2720 1058 2757; x_wconf 80' lang='lat' dir='ltr'>omnes</span> <span class='ocrx_word' id='word_1_213' title='bbox 1074 2720 1120 2757; x_wconf 87' lang='lat' dir='ltr'>co·</span> 
     </span>
     <span class='ocr_line' id='line_1_30' title="bbox 326 2777 1119 2847; baseline 0.001 -18"><span class='ocrx_word' id='word_1_214' title='bbox 326 2778 432 2839; x_wconf 86' lang='lat' dir='ltr'>lerent,</span> <span class='ocrx_word' id='word_1_215' title='bbox 447 2778 565 2845; x_wconf 79' lang='lat' dir='ltr'>varius,</span> <span class='ocrx_word' id='word_1_216' title='bbox 580 2778 690 2837; x_wconf 84' lang='lat' dir='ltr'>Tucca,</span> <span class='ocrx_word' id='word_1_217' title='bbox 708 2777 859 2836; x_wconf 82' lang='lat' dir='ltr'>Horatius,</span> <span class='ocrx_word' id='word_1_218' title='bbox 877 2777 990 2840; x_wconf 77' lang='lat' dir='ltr'>Gallus,</span> <span class='ocrx_word' id='word_1_219' title='bbox 1008 2777 1119 2847; x_wconf 86' lang='lat' dir='ltr'>Proper·</span> 
     </span>
     <span class='ocr_line' id='line_1_31' title="bbox 327 2849 1120 2921; baseline 0.004 -18"><span class='ocrx_word' id='word_1_220' title='bbox 327 2849 392 2903; x_wconf 86' lang='lat' dir='ltr'>rius.</span> <span class='ocrx_word' id='word_1_221' title='bbox 413 2851 495 2904; x_wconf 73' lang='lat' dir='ltr'>Anser</span> <span class='ocrx_word' id='word_1_222' title='bbox 513 2850 600 2915; x_wconf 71' lang='lat' dir='ltr'>vero,</span> <span class='ocrx_word' id='word_1_223' title='bbox 621 2852 749 2921; x_wconf 86' lang='lat' dir='ltr'>quoniam</span> <span class='ocrx_word' id='word_1_224' title='bbox 772 2850 885 2905; x_wconf 79' lang='lat' dir='ltr'>Antonii</span> <span class='ocrx_word' id='word_1_225' title='bbox 905 2866 993 2920; x_wconf 83' lang='lat' dir='ltr'>partes</span> <span class='ocrx_word' id='word_1_226' title='bbox 1011 2851 1120 2907; x_wconf 77' lang='lat' dir='ltr'>secutur</span> 
     </span>
     <span class='ocr_line' id='line_1_32' title="bbox 326 2922 1118 2993; baseline 0.001 -16"><span class='ocrx_word' id='word_1_227' title='bbox 326 2924 364 2977; x_wconf 85' lang='lat' dir='ltr'>est</span> <span class='ocrx_word' id='word_1_228' title='bbox 374 2960 384 2983; x_wconf 86' lang='lat'><strong><em>,</em></strong></span> <span class='ocrx_word' id='word_1_229' title='bbox 396 2923 471 2976; x_wconf 89' lang='lat' dir='ltr'>illum</span> <span class='ocrx_word' id='word_1_230' title='bbox 484 2942 539 2978; x_wconf 92' lang='lat' dir='ltr'>non</span> <span class='ocrx_word' id='word_1_231' title='bbox 551 2924 700 2978; x_wconf 73' lang='lat' dir='ltr'>observasse</span> <span class='ocrx_word' id='word_1_232' title='bbox 711 2924 817 2978; x_wconf 90' lang='lat' dir='ltr'>dicitur.</span> <span class='ocrx_word' id='word_1_233' title='bbox 832 2922 996 2977; x_wconf 83' lang='lat' dir='ltr'>Cornificius</span> <span class='ocrx_word' id='word_1_234' title='bbox 1008 2927 1044 2977; x_wconf 91' lang='lat' dir='ltr'>ob</span> <span class='ocrx_word' id='word_1_235' title='bbox 1058 2942 1118 2993; x_wconf 88' lang='lat' dir='ltr'>pet·</span> 
     </span>
     <span class='ocr_line' id='line_1_33' title="bbox 326 2995 1119 3057; baseline 0.003 -7"><span class='ocrx_word' id='word_1_236' title='bbox 326 2997 431 3057; x_wconf 71' lang='lat' dir='ltr'>versam</span> <span class='ocrx_word' id='word_1_237' title='bbox 449 3016 570 3053; x_wconf 89' lang='lat' dir='ltr'>naturam</span> <span class='ocrx_word' id='word_1_238' title='bbox 587 3001 663 3054; x_wconf 89' lang='lat' dir='ltr'>illurn</span> <span class='ocrx_word' id='word_1_239' title='bbox 681 3016 737 3052; x_wconf 90' lang='lat' dir='ltr'>non</span> <span class='ocrx_word' id='word_1_240' title='bbox 757 2998 828 3050; x_wconf 83' lang='lat' dir='ltr'>tulit·</span> <span class='ocrx_word' id='word_1_241' title='bbox 841 2997 945 3053; x_wconf 75' lang='lat' dir='ltr'>Gloria</span> <span class='ocrx_word' id='word_1_242' title='bbox 963 2995 1032 3051; x_wconf 82' lang='lat' dir='ltr'>verd</span> <span class='ocrx_word' id='word_1_243' title='bbox 1052 3000 1119 3052; x_wconf 87' lang='lat' dir='ltr'>adeo</span> 
     </span>
     <span class='ocr_line' id='line_1_34' title="bbox 327 3071 1121 3143; baseline 0 -18"><span class='ocrx_word' id='word_1_244' title='bbox 327 3087 499 3140; x_wconf 76' lang='lat' dir='ltr'>contemptur</span> <span class='ocrx_word' id='word_1_245' title='bbox 517 3074 589 3141; x_wconf 75' lang='lat' dir='ltr'>luit:</span> <span class='ocrx_word' id='word_1_246' title='bbox 605 3075 665 3135; x_wconf 79' lang='lat' dir='ltr'>etim</span> <span class='ocrx_word' id='word_1_247' title='bbox 688 3072 796 3143; x_wconf 89' lang='lat' dir='ltr'>quidam</span> <span class='ocrx_word' id='word_1_248' title='bbox 811 3071 904 3125; x_wconf 83' lang='lat' dir='ltr'>versut</span> <span class='ocrx_word' id='word_1_249' title='bbox 923 3072 1052 3140; x_wconf 85' lang='lat' dir='ltr'>quosdam</span> <span class='ocrx_word' id='word_1_250' title='bbox 1071 3072 1121 3126; x_wconf 87' lang='lat' dir='ltr'>fibi</span> 
     </span>
     <span class='ocr_line' id='line_1_35' title="bbox 328 3143 1121 3216; baseline 0 -17"><span class='ocrx_word' id='word_1_251' title='bbox 328 3146 523 3211; x_wconf 80' lang='lat' dir='ltr'>adscriberent,</span> <span class='ocrx_word' id='word_1_252' title='bbox 546 3147 630 3216; x_wconf 79' lang='lat' dir='ltr'>eique</span> <span class='ocrx_word' id='word_1_253' title='bbox 653 3148 685 3200; x_wconf 91' lang='lat' dir='ltr'>de</span> <span class='ocrx_word' id='word_1_254' title='bbox 709 3163 738 3199; x_wconf 92' lang='lat' dir='ltr'>re</span> <span class='ocrx_word' id='word_1_255' title='bbox 760 3143 833 3199; x_wconf 71' lang='lat' dir='ltr'>doni</span> <span class='ocrx_word' id='word_1_256' title='bbox 858 3145 1042 3206; x_wconf 86' lang='lat' dir='ltr'>haberentur,</span> <span class='ocrx_word' id='word_1_257' title='bbox 1064 3162 1121 3199; x_wconf 87' lang='lat' dir='ltr'>non</span> 
     </span>
     <span class='ocr_line' id='line_1_36' title="bbox 328 3217 1120 3291; baseline -0.005 -16"><span class='ocrx_word' id='word_1_258' title='bbox 328 3218 413 3275; x_wconf 83' lang='lat' dir='ltr'>morib</span> <span class='ocrx_word' id='word_1_259' title='bbox 427 3237 496 3291; x_wconf 80' lang='lat' dir='ltr'>agre</span> <span class='ocrx_word' id='word_1_260' title='bbox 513 3237 568 3272; x_wconf 91' lang='lat' dir='ltr'>non</span> <span class='ocrx_word' id='word_1_261' title='bbox 585 3221 705 3288; x_wconf 63' lang='lat' dir='ltr'>ferebatq</span> <span class='ocrx_word' id='word_1_262' title='bbox 722 3218 808 3273; x_wconf 90' lang='lat' dir='ltr'>irnrno</span> <span class='ocrx_word' id='word_1_263' title='bbox 827 3219 1019 3287; x_wconf 77' lang='lat' dir='ltr'>voluptuosum</span> <span class='ocrx_word' id='word_1_264' title='bbox 1036 3219 1063 3272; x_wconf 88' lang='lat' dir='ltr'>id</span> <span class='ocrx_word' id='word_1_265' title='bbox 1080 3217 1120 3271; x_wconf 91' lang='lat' dir='ltr'>illi</span> 
     </span>
     <span class='ocr_line' id='line_1_37' title="bbox 329 3292 1121 3364; baseline -0.001 -18"><span class='ocrx_word' id='word_1_266' title='bbox 329 3309 395 3349; x_wconf 90' lang='lat' dir='ltr'>erat.</span> <span class='ocrx_word' id='word_1_267' title='bbox 410 3292 478 3356; x_wconf 77' lang='lat' dir='ltr'>Ctlnr</span> <span class='ocrx_word' id='word_1_268' title='bbox 489 3294 562 3347; x_wconf 88' lang='lat' dir='ltr'>enim</span> <span class='ocrx_word' id='word_1_269' title='bbox 576 3294 726 3356; x_wconf 82' lang='lat' dir='ltr'>distichon,</span> <span class='ocrx_word' id='word_1_270' title='bbox 740 3294 814 3364; x_wconf 88' lang='lat' dir='ltr'>quod</span> <span class='ocrx_word' id='word_1_271' title='bbox 828 3295 933 3347; x_wconf 86' lang='lat' dir='ltr'>laudeni</span> <span class='ocrx_word' id='word_1_272' title='bbox 951 3292 1121 3351; x_wconf 73' lang='lat' dir='ltr'>felicitatem,-</span> 
     </span>
     <span class='ocr_line' id='line_1_38' title="bbox 330 3365 1121 3439; baseline 0.001 -20"><span class='ocrx_word' id='word_1_273' title='bbox 330 3384 384 3437; x_wconf 69' lang='lat' dir='ltr'>qne</span> <span class='ocrx_word' id='word_1_274' title='bbox 410 3366 515 3439; x_wconf 73' lang='lat' dir='ltr'>Augusti</span> <span class='ocrx_word' id='word_1_275' title='bbox 543 3368 720 3432; x_wconf 83' lang='lat' dir='ltr'>continebat,</span> <span class='ocrx_word' id='word_1_276' title='bbox 741 3365 863 3431; x_wconf 79' lang='lat' dir='ltr'>fecisset.</span> <span class='ocrx_word' id='word_1_277' title='bbox 882 3365 1042 3433; x_wconf 70' lang='lat' dir='ltr'>nihilque.</span> <span class='ocrx_word' id='word_1_278' title='bbox 1063 3382 1121 3426; x_wconf 77' lang='lat' dir='ltr'>non</span> 
     </span>
    </p>
   </div>
   <div class='ocr_carea' id='block_1_3' title="bbox 327 3438 1058 3514">
    <p class='ocr_par' dir='ltr' id='par_1_4' title="bbox 327 3438 1058 3514">
     <span class='ocr_line' id='line_1_39' title="bbox 327 3438 1058 3514; baseline -0.005 -10"><span class='ocrx_word' id='word_1_279' title='bbox 327 3440 474 3504; x_wconf 67' lang='lat' dir='ltr'>,nominato</span> <span class='ocrx_word' id='word_1_280' title='bbox 491 3440 617 3506; x_wconf 74' lang='lat' dir='ltr'>rudore.</span> <span class='ocrx_word' id='word_1_281' title='bbox 636 3440 759 3503; x_wconf 69' lang='lat' dir='ltr'>unuln</span> <span class='ocrx_word' id='word_1_282' title='bbox 770 3443 781 3514; x_wconf 86' lang='lat'>(</span> <span class='ocrx_word' id='word_1_283' title='bbox 793 3440 821 3498; x_wconf 90' lang='lat' dir='ltr'>id</span> <span class='ocrx_word' id='word_1_284' title='bbox 831 3456 888 3500; x_wconf 83' lang='lat' dir='ltr'>erat</span> <span class='ocrx_word' id='word_1_285' title='bbox 902 3438 1035 3509; x_wconf 71' lang='lat' dir='ltr'>eiusnodi</span> <span class='ocrx_word' id='word_1_286' title='bbox 1048 3458 1058 3500; x_wconf 86' lang='grc' dir='ltr'>ι</span> 
     </span>
    </p>
   </div>
   <div class='ocr_carea' id='block_1_4' title="bbox 0 0 1443 4325">
    <p class='ocr_par' dir='ltr' id='par_1_5' title="bbox 0 0 1443 4325">
     <span class='ocr_line' id='line_1_40' title="bbox 0 0 1443 4325; baseline 0 0"><span class='ocrx_word' id='word_1_287' title='bbox 0 0 1443 4325; x_wconf 95' lang='lat' dir='ltr'> </span> 
     </span>
    </p>
   </div>
  </div>
 </body>
</html>
