2859 4325
525 637 572 680 ru
595 621 839 682 Gnonurca.
938 647 941 652 ·
979 637 1039 706 359

319 737 347 774 nt
363 738 417 797 apes
432 725 599 775 contineantur
615 729 642 774 in
656 725 833 789 penetralibus,
855 740 898 773 nec
917 723 978 774 foras
997 742 1040 775 au·

318 799 393 851 deant
407 799 532 867 procedere
544 819 552 861 ς
564 803 687 870 fumosque
700 820 771 853 manu
783 802 897 868 pracendc
910 801 1040 869 sequaces,

318 879 367 927 hoc
382 876 433 926 est:
450 877 566 928 continuo
581 882 707 938 immitte,
723 877 835 928 introduc
848 880 874 927 in
888 876 1041 940 alvearium,

318 951 345 1000 in
356 951 432 1014 fidem
448 950 567 1017 angustam
579 985 588 1012 ,
598 951 680 1012 firmos
698 951 783 1016 quibus
800 966 854 1015 apes
871 965 987 1015 cogantur
1003 951 1041 998 se·

318 1025 402 1095 cedere
418 1029 444 1076 in
459 1027 622 1076 summitatem
639 1025 736 1076 alvearii
750 1041 759 1085 ‚¹
777 1024 839 1075 unde
856 1025 885 1074 [ιι
902 1027 994 1075 securus
1009 1028 1040 1077 ab

316 1104 422 1169 ipsarum
439 1103 548 1160 aculeis,
570 1107 595 1152 lc
619 1101 662 1151 frat
682 1104 727 1151 tibi
748 1105 819 1167 copia
840 1102 1039 1156 extrahendorum

316 1182 440 1232 favorum.

353 1277 410 1324 ²43·
430 1257 552 1311 stellio&
573 1257 683 1324 lucifugis
699 1262 749 1308 dcc.
772 1255 835 1308 illud
857 1255 1040 1315 &unanimiter

318 1334 408 1401 legitur
421 1339 446 1385 in
463 1333 537 1386 codd.
554 1338 579 1384 δι
594 1332 650 1384 edd.
665 1348 726 1384 vett.
744 1330 807 1382 unde
823 1335 902 1398 ipsum
916 1337 1039 1390 excludere

318 1412 378 1465 effer
395 1412 501 1464 difficile.
522 1414 595 1478 Atqui
612 1427 693 1462 tamen
711 1425 790 1460 metro
807 1407 902 1461 videtur
918 1415 1041 1466 contradi⁴

317 1506 382 1540 cere.
397 1488 482 1538 Stellio
496 1484 575 1553 aperte*
591 1486 678 1550 iegimr
695 1488 722 1534 in
737 1480 794 1533 cod.
814 1484 874 1548 Reg-
890 1483 931 1534 Χῖ.
943 1501 962 1536 s.
981 1486 1040 1539 ficut

317 1568 346 1616 in
360 1565 467 1630 pluribus
483 1563 555 1624 aliis,
571 1565 598 1611 in
613 1577 674 1614 vett.
691 1563 765 1611 etiam
780 1557 836 1610 edd.
853 1563 922 1610 utin
940 1561 969 1612 Α.
986 1563 1040 1615 Co-

317 1639 366 1692 dex
381 1637 472 1690 Medic.
489 1640 573 1690 habuit
589 1637 669 1703 primd
676 1635 769 1700 stello,
788 1652 817 1686 ex
833 1653 883 1703 quo
899 1671 908 1698 ,
924 1638 1039 1704 superiori

317 1735 386 1787 parte
399 1719 495 1771 alteriue
509 1723 619 1771 consona
634 1721 760 1785 geminatae
774 1715 887 1778 radiati,
904 1716 993 1768 factum
1007 1719 1041 1769 eli

311 1793 404 1857 stelio,
424 1794 492 1862 quod
508 1797 598 1846 habent
619 1792 729 1862 quadam
750 1805 810 1843 vett.
832 1788 888 1841 edd.
908 1806 936 1841 ut
951 1793 994 1853 133
1014 1801 1038 1845 δι

314 1871 389 1939 :quod
405 1871 499 1925 indicit
514 1871 546 1923 ad
559 1868 768 1938 pronunciandum
781 1865 868 1928 liclia,
884 1868 945 1918 binis
967 1871 1039 1934 sylla·

319 1951 356 2002 bis
371 1967 378 1997 r
395 1949 479 2001 verum
491 1949 563 2011 stelio
583 1948 670 1999 nullibi
686 1949 791 1997 occurrit
805 1948 831 1994 in
849 1946 1038 2009 Grammaticis,

318 2044 403 2079 omnes
420 2029 509 2079 habent
517 2028 620 2091 ficllio,
638 2042 665 2077 ut
681 2027 768 2092 legitur
785 2027 811 2074 in
829 2023 900 2075 Thes.
917 2026 977 2094 ling.
995 2027 1029 2079 lat

314 2105 480 2171 ·Steph.=Huic
493 2121 573 2156 autem
587 2105 781 2172 pronunciationi
791 2119 841 2153 non
855 2102 990 2156 adversatur
1004 2107 1028 2156 D

318 2179 425 2244 Ηιγιιι,
443 2184 485 2246 qui
502 2178 600 2247 quidem
616 2176 707 2243 scripfit
718 2176 821 2240 stellio,
837 2175 879 2227 sed
896 2183 1037 2243 pronunciat

310 2255 415 2320 Ι[ιι11]ὀ,
424 2254 501 2317 scellj'
516 2252 538 2303 ὁ
554 2252 663 2317 lucifugis
678 2256 727 2301 icc.
745 2267 796 2300 non
810 2250 918 2301 obstante
933 2254 1037 2303 consoni

319 2329 451 2397 geminati.
474 2329 510 2378 Ab
530 2329 578 2377 hoc
600 2327 651 2375 non
674 2325 768 2390 longius
789 2324 822 2372 est
845 2327 955 2392 exemplo
976 2329 1037 2379 istud

319 2408 416 2461 Horatii
431 2408 515 2461 Carm.
532 2408 577 2458 111.
593 2405 641 2456 Od.
656 2405 701 2456 VI.
716 2416 740 2454 6.

384 2490 448 2541 ffinc
464 2506 529 2539 omne
540 2485 696 2553 principium,
714 2485 757 2533 huc
772 2482 832 2545 refer
841 2483 949 2534 exitum:

319 2583 393 2634 quem
414 2567 508 2618 versum
525 2564 651 2615 Alcaicum
668 2578 720 2612 non
738 2574 806 2625 poter
822 2558 922 2611 reddere
939 2559 970 2613 ad
988 2561 1038 2614 for·

318 2659 385 2693 marn
400 2644 492 2703 metri,
508 2638 553 2692 nifi
567 2634 749 2706 pronunciando
758 2634 897 2703 principium
907 2669 917 2696 ,
928 2636 1038 2703 priucipj’

352 2812 409 2850 262.
430 2805 463 2850 Ur
477 2817 539 2851 mare
552 2799 683 2862 sollicitum
696 2794 778 2859 stridit
795 2792 941 2860 refluentibus
960 2795 1036 2846 undis.

316 2877 400 2943 vulgi
418 2877 504 2944 legitur
514 2877 613 2940 stridet,
630 2872 715 2925 vcrdm
731 2872 821 2936 recepit
834 2868 942 2920 Heinfius
956 2870 1037 2933 stridit

317 2974 346 3007 ex
366 2956 504 3005 melioribus
527 2951 599 3003 codd.
624 2966 651 3001 ut
672 2952 746 2999 etiam
768 2947 854 3013 legitur
870 2949 897 2996 in
913 2946 1035 2999 Mediceo.

314 3037 348 3088 Et
363 3034 461 3102 quidem
484 3035 532 3100 ipse
552 3032 646 3082 videtur
662 3029 778 3095 Virgilius
796 3029 844 3077 hoc
867 3030 902 3077 uti
919 3028 993 3078 verbo
1010 3029 1036 3075 in

316 3113 387 3164 tertii
411 3114 490 3177 potius
514 3108 589 3177 quim
614 3112 640 3158 in
663 3102 765 3156 secundi
788 3106 885 3169 conjug.
909 3103 947 3151 Sic
973 3102 1036 3151 infra

316 3190 395 3256 (556.
409 3188 418 3254 )
431 3187 528 3251 stridere
546 3201 600 3252 apes
616 3200 700 3243 utero,
718 3183 758 3231 ubi
769 3178 865 3242 sarium
879 3177 937 3229 facit
954 3177 1035 3243 dady-

316 3260 389 3324 lum,
407 3262 437 3314 fic
453 3260 509 3313 AEn.
528 3261 559 3312 11.
577 3260 634 3323 418.
649 3257 752 3323 stridunt
761 3254 850 3320 ῥίνη
868 3252 899 3305 stc
917 3253 973 3306 AEn.
989 3254 1033 3308 iv.
