2859 4325
553 683 603 728 ru
628 626 836 731 AEurrur.
993 682 1060 751 375

330 764 372 845 lae
381 765 441 817 inter
448 769 529 818 eoelum
541 767 563 821 t}
573 785 663 832 emas,
674 789 702 822 ae
712 772 781 822 littus
791 769 909 835 armojitm
920 770 997 840 Libya
1009 807 1018 833 ,
1029 771 1054 823 d·

322 842 420 908 secubet
435 862 524 896 ventes.
542 850 580 897 Sic
598 861 701 911 tamen,
716 853 832 915 armagis
850 847 943 915 pob‘ticd
961 852 987 898 bc
1004 851 1054 898 mi·

329 937 375 971 nus
393 921 563 989 ineleganter,
585 925 629 975 tv.
654 927 709 986 184.
731 927 804 976 Fama
824 928 896 977 Nolle
913 926 980 975 volat
1000 927 1052 976 eali

327 1001 403 1051 medio
418 1016 531 1068 terraque.
554 1001 643 1051 Venlm
660 1001 702 1062 ‚fi
723 1000 836 1054 admittas
857 1001 1052 1054 emendationem

327 1075 455 1136 Bentleii,
494 1078 517 1124 ui
538 1079 657 1126 convertit
673 1076 768 1126 tantdm
786 1077 884 1127 volabat
900 1082 926 1127 in
942 1075 1051 1143 legebam
1111 1090 1114 1095 ·

323 1141 454 1207 'ipsumque
492 1138 561 1192 'vidit
580 1156 594 1190 a
614 1139 826 1206 praecedentibus,
846 1160 874 1192 ac
894 1147 973 1209 jungit
994 1158 1051 1192 eum

280 1280 283 1284 ¹
327 1219 501 1284 sequentibus,
516 1222 641 1286 reiicitque
658 1219 727 1269 istam
745 1220 858 1286 copulam
873 1238 901 1270 ae
915 1237 931 1271 a
945 1217 1051 1271 secundo

325 1294 422 1354 versu,
450 1293 548 1343 habebis
574 1296 712 1343 sermonem
730 1293 929 1360 elegantiorem,
957 1295 1053 1345 sensum

326 1373 400 1421 etiam
421 1371 556 1437 pleniorem
576 1389 584 1420 :
609 1374 694 1421 Terras
715 1371 775 1420 inter
792 1373 942 1438 coelumque,
964 1372 1052 1437 legebat
1088 1384 1089 1392 ¹

324 1447 395 1496 litem
413 1446 533 1510 arenosum
551 1445 657 1514 libya,
677 1445 798 1514 ventosque
813 1445 909 1509 saciat
929 1449 978 1495 διε.
997 1447 1050 1502 At,

324 1522 382 1574 cod.
395 1523 487 1574 Medic.
501 1520 558 1573 cod.
575 1525 634 1588 Reg.
650 1523 691 1572 xi,
706 1541 726 1574 r.
738 1522 812 1573 codd.
828 1521 931 1588 denique
944 1540 1029 1573 omnen
1037 1542 1050 1581 ,-

323 1607 409 1648 omnes
426 1601 500 1648 etiam
513 1596 570 1648 edd.
581 1612 642 1648 vett.
658 1613 685 1647 ut
698 1598 720 1646 Α
731 1601 756 1648 bc
767 1598 804 1658 B,
820 1597 947 1646 leiiionem
960 1599 1051 1648 habeut

323 1690 398 1742 quam
414 1676 548 1743 sctipfimus
558 1693 573 1736 ·,ι
583 1676 648 1727 unde
664 1676 708 1726 ista
724 1675 837 1727 videntur
853 1691 885 1724 ex
903 1677 933 1725 iis
951 1678 978 1727 in
995 1679 1049 1742 qui·

323 1754 368 1806 bus
386 1756 473 1806 ultim
489 1773 573 1806 manus
589 1759 689 1806 audiorit
705 1754 858 1807 desideratur.

358 1844 413 1894 336.
431 1835 499 1882 Dum
507 1832 607 1897 spiritus
618 1834 660 1882 los
672 1834 730 1898 tegit
745 1849 819 1883 anus.
837 1834 875 1882 Sic
888 1832 978 1882 habent
990 1831 1048 1883 cod.

321 1910 415 1962 Medic.
438 1916 464 1961 δι
481 1909 538 1961 cod.
556 1913 615 1977 lieg.
639 1912 680 1962 xt.
692 1930 711 1963 s.
731 1912 750 1962 B
773 1916 872 1972 etiam,
894 1914 920 1960 δι
938 1908 1048 1960 lleirrsrue

320 1988 423 2039 restituit
435 2004 463 2036 ex
476 1987 624 2037 melioribus.
641 1986 724 2053 vulgo
742 1987 829 2054 legitur
844 2003 870 2038 ut
882 1990 908 2038 iu
920 1988 961 2048 Α,
978 2003 1050 2051 reget.

330 2087 333 2094 ·
357 2082 413 2128 344.
429 2067 466 2113 Er
486 2064 585 2113 recidiva
605 2081 675 2113 manu
693 2064 814 2129 pofiu‘fftm
834 2067 948 2131 Pergama
968 2065 1050 2118 viliis·

319 2143 402 2196 Pollet
422 2143 523 2197 recidive
543 2141 621 2195 videri
640 2146 688 2194 huc
711 2142 834 2195 redubium
853 2162 866 2195 a
887 2145 998 2196 Librariis
1019 2155 1049 2194 ex
1113 2209 1115 2215 Ι

319 2221 378 2271 AEn.
395 2221 452 2272 Vll.
473 2238 527 2282 3²²·
541 2221 583 2270 ubi
602 2217 701 2287 quidem
717 2222 799 2272 locum
817 2221 946 2274 defendit.-
961 2220 1048 2273 verim

320 2292 362 2342 hic
387 2290 485 2341 foetasse
505 2290 609 2357 placeret
621 2297 705 2359 'magis
721 2296 824 2343 rediviva
843 2330 851 2355 ,
871 2294 939 2361 quod
955 2298 1046 2348 hebent

320 2366 421 2437 quidam
445 2366 519 2418 codd.
543 2366 599 2419 edd.
626 2372 700 2420 etiam
721 2386 781 2421 vett.
806 2387 833 2420 ut
855 2372 883 2421 B.
903 2370 950 2421 Sed
967 2378 1047 2440 major.

319 2462 374 2514 pars
389 2443 462 2495 codd.
476 2448 542 2511 iique
552 2448 674 2511 potiores,
688 2451 751 2497 inter
764 2463 824 2513 quor
840 2446 931 2498 Medic.
946 2453 971 2500 bc
982 2452 1044 2515 Reg.

319 2524 361 2575 Xt.
380 2540 399 2572 s.
415 2523 436 2572 A
450 2526 542 2583 etiem,
558 2524 647 2573 habent
663 2524 782 2582 recidiua3
800 2523 866 2590 quod
885 2524 917 2575 est
934 2544 941 2573 z
959 2524 1047 2589 etiamst

282 2650 287 2657 ,
319 2598 398 2666 ἠιζίὶὲε
414 2603 491 2651 cadere
506 2636 515 2662 ,
532 2602 633 2650 eurndmt
652 2602 731 2663 casum
747 2602 842 2667 experiri
859 2602 961 2652 debeant.
978 2603 1024 2653 vel
1034 2636 1046 2659 ,

319 2696 348 2732 ut
364 2682 494 2745 suspicatur
509 2680 613 2738 Ruaeuc,
628 2677 670 2728 hic
684 2677 772 2728 alludit
786 2684 857 2744 po'e'ta
874 2678 905 2729 ad
921 2684 1043 2745 geminam

319 2757 401 2825 Trojte
413 2760 632 2824 expugnationem,
646 2758 750 2822 primam
761 2759 790 2806 ab
806 2757 927 2813 Hercule,
943 2759 1044 2810 alteram

319 2837 438 2888 dGraecit
458 2873 467 2900 ‚
489 2853 515 2887 ut
532 2835 588 2887 AEn.
608 2838 650 2887 lll.
674 2849 728 2901 376.
753 2838 798 2888 Bis
821 2838 953 2902 Pergameis
971 2854 1044 2907 erepte

320 2912 404 2963 ruinis.

317 3001 327 3011 ··
350 3000 409 3052 436.
429 2991 508 3051 Quam
526 2987 583 3035 milti
602 2988 654 3036 euim
676 2988 786 3047 dederit,
809 2990 950 3039 cumulatam
969 3008 1042 3050 mone

317 3064 442 3113 remittam.
458 3063 526 3111 llauc
540 3061 666 3113 teutonem
684 3066 813 3112 retinemur
828 3079 856 3112 ex
872 3062 929 3113 cod·
947 3065 1039 3117 Medic.¹

318 3140 344 3187 bc
361 3136 440 3186 nostri
457 3140 530 3185 etiam
550 3133 589 3185 ed.
607 3138 637 3185 A.
662 3136 722 3196 Quae
741 3138 813 3187 verba
829 3137 977 3189 manifestam
996 3142 1042 3191 ha-

316 3212 377 3262 beut
390 3212 531 3262 relationem
553 3208 584 3259 ad
599 3212 677 3276 ipsum
693 3210 806 3270 AEnmn,
824 3215 937 3261 ucetiam
956 3211 1040 3267 viden·

318 3305 358 3341 tut
372 3289 489 3339 inunum
503 3305 533 3338 ea
544 3305 607 3355 ·qua
625 3288 771 3361 precedunt.
789 3289 876 3343 Vertis
892 3290 984 3346 AEnem
999 3294 1039 3364 sq,

317 3371 368 3424 rori
383 3366 425 3419 dat
439 3366 553 3421 matidata
568 3366 654 3421 Didot
1031 3363 1033 3369 ’
