2859 4325
345 595 398 687 xvj
598 589 886 659 thutn'tt

344 714 437 775 rebat,
456 726 524 779 quos
545 708 597 774 iam
617 708 722 780 grandis
739 710 826 762 amisit
842 728 849 761 ε
867 707 1015 777 exquibus
1031 723 1133 776 patrem

345 783 433 839 oculis
448 799 575 853 captum,
595 783 621 836 δι
639 786 705 839 duos
722 785 815 836 fratres
833 786 996 852 germanos,
1015 784 1136 838 Silonem

344 859 534 928 impuberem,
551 858 673 910 Flaccum
689 855 743 923 jam
763 858 900 916 adultum.
926 855 1003 919 cujus
1031 858 1134 910 exitum

344 933 393 986 sub
410 931 520 988 nomine
530 929 680 998 Daphnidis
694 930 784 984 deflet.
800 931 873 982 lnter
888 946 977 983 cetera
993 927 1077 984 studia
1087 969 1096 995 ,
1106 946 1135 983 ut

345 1005 574 1076 supradiximus,
590 1002 732 1057 Medicina
745 1019 874 1073 quoque,
892 1019 924 1056 ac
941 1004 1064 1063 maxime
1077 1005 1134 1057 Ma·

344 1079 496 1135 rhemaricae
510 1094 622 1146 operam
636 1077 718 1131 dedit.
734 1076 839 1148 figis&
854 1078 958 1129 causam
975 1094 1057 1129 unam
1072 1095 1136 1130 om·

345 1155 414 1207 nino
431 1187 440 1215 ,
458 1168 508 1206 nec
527 1151 641 1220 ampliiss
661 1149 741 1219 quim
764 1151 856 1203 semel.
873 1152 1005 1207 Sermone
1022 1148 1135 1205 tardissi-¹

344 1244 420 1281 mum
431 1265 439 1290 ,
450 1243 483 1280 ac
493 1223 564 1296 peni
579 1223 688 1278 indosio
699 1223 811 1278 similem
825 1222 900 1278 fuisse
910 1221 1032 1279 Melissus
1045 1223 1135 1279 tradit·

382 1299 517 1354 Poeticam
529 1316 595 1368 puer
605 1299 689 1352 adhuc
699 1297 867 1367 auspicatus,
883 1297 911 1359 in
922 1296 1065 1360 Balistam,
1079 1296 1135 1353 ludi

345 1374 500 1444 gladiatorii
522 1372 698 1442 magistrum,
718 1373 754 1424 ob
773 1371 910 1425 infamiam
928 1370 1137 1434 latrociniorum

344 1463 504 1518 coopertum
520 1447 652 1515 lapidibus
666 1483 674 1510 ,
691 1445 822 1499 distichon
836 1445 921 1498 secitt

408 1543 496 1595 Monte
505 1541 552 1608 fieb
561 1544 613 1592 stoc
628 1542 734 1609 lapidum
750 1542 836 1610 tegitur
850 1539 944 1602 Ballsta
954 1539 1087 1608 fipulmgp
1100 1606 1113 1617 ..

454 1615 530 1668 Νοᾶι
546 1617 627 1683 dicque
643 1630 709 1665 cuum
725 1631 814 1697 carpe,
830 1617 927 1674 tiator,
947 1617 1006 1674 iccr3

344 1713 442 1770 deinde
461 1711 596 1764 (ecclesian
610 1748 618 1773 ,
637 1709 664 1762 &
681 1709 818 1773 Moretum,
836 1709 863 1762 &
876 1706 988 1776 Priapeia
1005 1747 1013 1773 ‚
1029 1710 1057 1763 δι
1071 1699 1133 1779 Epi·

343 1803 497 1862 gramnrara‚
515 1787 541 1836 ἃ
557 1786 652 1846 Diras,
667 1784 693 1836 δι
708 1783 830 1844 Culicem,
847 1781 907 1842 crim
923 1782 987 1837 effes
1002 1778 1133 1839 annontui

345 1861 508 1934 quindecim.
523 1857 605 1923 Cujus
621 1857 730 1918 materia
746 1857 807 1917 talis
824 1856 861 1909 est
877 1875 884 1911 t
903 1855 992 1915 Pastor
1007 1852 1132 1931 fatigatur

345 1936 409 1998 astu
424 1935 484 1989 clun
501 1934 548 1987 sub
564 1934 658 1990 arbore
674 1927 866 1993 obdormisset,
884 1929 1033 1998 &serpens
1051 1933 1084 1985 ad
1098 1931 1132 1985 il·

344 2012 401 2065 lum
419 2021 574 2077 proreperet
589 2022 605 2057 e
623 2006 738 2072 palude,
758 2003 1034 2071 culexprovolavit,
1054 2021 1134 2075 atque

345 2085 417 2146 inter
430 2083 483 2137 duo
495 2095 617 2147 tempora
634 2081 754 2131 aculeum
766 2076 828 2131 lixit
843 2075 950 2146 pastori.
966 2080 1000 2133 At
1012 2077 1058 2133 ille
1070 2095 1133 2132 con·

346 2154 425 2212 tinus>
442 2153 553 2214 culicem
570 2151 721 2214 contrivit,
740 2151 869 2210 &visum
885 2152 1037 2220 serpentem
1052 2152 1136 2207 inter·

329 2284 331 2288 ,
345 2231 413 2297 emit
425 2268 432 2293 ,
449 2245 479 2282 ac
491 2228 643 2296 sepulcrum
654 2225 734 2284 culici
748 2225 836 2280 statuit
848 2265 855 2289 ,
874 2227 901 2280 δι
912 2224 1043 2280 distichon
1054 2226 1140 2306 fecit,

409 2325 488 2383 Parve
506 2322 594 2382 culex,
609 2324 723 2389 pecudum
737 2321 812 2385 custos
827 2320 872 2372 tt'bi
888 2322 937 2373 talc
953 2327 1052 2376 merenti
1129 2342 1131 2349 ·

410 2399 508 2454 Funeris
524 2395 648 2467 officium,
663 2399 718 2451 rica
730 2414 775 2465 pro
791 2414 899 2458 munere,
913 2398 1000 2450 reddit.

382 2497 492 2566 Stripfit
501 2495 598 2552 etiam,
609 2496 641 2547 de
652 2494 705 2563 qud
716 2493 872 2562 ambigitur,
885 2492 1003 2545 AEtnnm.
1013 2493 1046 2544 Et
1056 2509 1136 2558 most,

344 2571 405 2627 cium
421 2588 464 2624 res
475 2572 609 2623 Romanas
620 2566 781 2626 inchoasset,
795 2566 911 2618 offensus
922 2565 1032 2618 manerii
1049 2568 1075 2619 ἃ
1087 2575 1137 2619 noi

344 2647 452 2699 minum
468 2642 627 2708 asperitate,
642 2642 675 2692 ad
688 2639 813 2692 Bucolica
830 2639 950 2699 transtit3
970 2639 1090 2694 maxime
1105 2653 1136 2693 ut

345 2716 468 2771 Afinium
491 2715 663 2777 Pollionem,
681 2714 831 2782 Alphenum
846 2714 970 2775 Vatum,
991 2715 1017 2765 δι
1034 2713 1136 2766 Cotoe'·

344 2791 414 2844 lium
432 2788 541 2843 Gallum
556 2790 719 2847 celebraret;
737 2787 799 2855 quia
814 2788 844 2839 in
858 2786 1042 2841 distributione
1058 2804 1138 2857 agro·

346 2880 429 2927 rum,
447 2861 494 2933 qui
516 2861 574 2931 post
594 2860 793 2928 Philippensem
816 2860 957 2913 victoriam
978 2862 1136 2924 veteranis,

346 2937 565 2992 'triumvirorum
580 2934 664 3003 jussu,
680 2949 752 2986 trans
766 2935 863 2987 Padum
877 2934 1081 2995 dividebantur,
1097 2934 1138 2987 in·

345 3014 471 3065 demnem
489 3011 516 3062 se
532 3008 715 3078 praestitissent.
734 3009 837 3066 Deinde
853 3007 985 3077 Georgica
999 3008 1029 3060 in
1045 3011 1136 3061 liono-

348 3102 406 3139 rem
419 3082 573 3137 Metenatis
586 3082 685 3143 edidit,
700 3082 760 3135 cum
772 3082 818 3134 stbi
833 3082 880 3133 vix
897 3082 959 3133 dum
971 3096 1039 3134 noto
1054 3098 1138 3151 opem

348 3157 448 3212 tulisset
460 3156 585 3210 adversius
598 3154 704 3208 Claudii
716 3155 837 3208 veterani
848 3155 960 3217 militis,
973 3157 1017 3208 vel
1029 3193 1037 3218 ,
1048 3171 1078 3208 ut
1089 3154 1139 3208 alii

348 3243 462 3302 putant,
478 3229 548 3281 Arrii
563 3228 746 3292 centurionis,
762 3228 939 3291 violentiam,
955 3245 968 3280 a
986 3246 1041 3298 quo
1059 3230 1088 3281 in
1101 3231 1139 3282 al·

349 3304 497 3359 certatione
511 3303 567 3355 litis
582 3303 691 3371 agraria
709 3318 803 3370 parum
818 3304 901 3355 abluit
917 3302 983 3369 quin
999 3304 1137 3357 occidere·

348 3395 403 3433 tur.
416 3374 567 3432 Noviffimd
585 3392 674 3428 autem
686 3375 825 3430 AEneidcm
842 3376 972 3446 aggressus
989 3376 1045 3441 est,
1061 3393 1139 3444 ergn-

350 3467 472 3511 mentum
493 3449 598 3514 verium
620 3450 647 3504 ἃ
668 3451 835 3523 multiplex,
855 3452 882 3507 dt
905 3450 977 3524 quati
996 3452 1138 3507 amborum·
