2859 4325
525 635 786 718 Ecnoca
835 638 886 723 V.
1022 673 1073 745 27

581 795 846 850 Mauricas

319 900 406 954 Lenta
422 892 491 948 salix
508 890 637 962 quantdm
652 891 763 960 pallenti
776 893 846 946 cedit
862 893 965 960 obre,

321 990 451 1048 Puniceis
467 987 578 1043 humilis
594 987 724 1057 quantism
739 989 855 1044 saliunca
870 992 987 1047 rosetis:

321 1093 336 1147 J
339 1087 432 1143 udicio
449 1083 541 1138 nostro
557 1082 659 1136 nantium
678 1083 729 1136 tibi
743 1085 813 1137 cedit
825 1065 984 1158 Amyntas.¹

321 1188 374 1240 Sed
390 1199 421 1237 tu
436 1181 524 1236 define
538 1182 633 1250 plura,
644 1196 709 1246 puer
720 1197 728 1232 ε
741 1180 906 1236 succeffirnus
922 1199 1009 1240 antro.

628 1276 661 1327 M
674 1288 692 1326 ο
709 1288 752 1326 as
766 1290 788 1329 u
800 1292 827 1330 s.

359 1371 528 1429 Ennianum
542 1373 677 1443 Nympha
692 1371 793 1425 crudeli
806 1373 899 1428 funere
911 1377 1038 1446 Daphnin
1086 1395 1122 1433 20

323 1475 438 1528 Flebant
451 1487 521 1526 :vos
531 1467 620 1539 coryli
630 1467 708 1522 testes
719 1469 747 1522 dr
758 1468 869 1524 flumina
880 1474 1035 1544 Nymphis:

324 1568 417 1633 Cum,
431 1567 574 1635 complexa
589 1564 631 1619 sui
648 1581 746 1634 corpus
762 1565 913 1622 miserabile
928 1571 1004 1636 nati,

316 1670 417 1738 ‚Atque
430 1666 508 1718 Deos
522 1677 604 1732 atque
614 1661 683 1725 ,astra
695 1679 778 1717 vocar
788 1665 905 1720 crudelia
920 1681 1014 1721 mater.

324 1769 392 1820 Non
405 1763 456 1818 ulli
471 1761 559 1832 pastos
574 1760 630 1814 illis
646 1760 725 1833 egire
741 1763 833 1817 diebus
1088 1783 1123 1831 24

324 1859 445 1931 Frigida,
451 1847 661 1926 Daphni,boves
667 1859 699 1910 ad
706 1855 1008 1931 fluminamullaneque
1015 1879 1122 1918 amnena

326 1955 436 2012 Libavir
449 1956 617 2026 quadrupes,
632 1969 681 2007 nec
696 1954 825 2023 graminis
839 1955 929 2026 attigit
941 1957 1059 2014 herbam.

327 2052 455 2124 Daphni,
468 2067 546 2106 tunm
562 2051 662 2105 Poenos
678 2051 760 2107 etiarn
776 2052 929 2125 ingemuiffe
945 2057 1039 2111 leones

327 2150 488 2213 Interitum,
499 2146 659 2217 montesque
672 2147 723 2202 feri
737 2149 862 2221 filvaeque
874 2153 1032 2223 loquuntur.

326 2248 451 2319 Daphnis
467 2248 494 2299 ἃ
510 2246 649 2299 Armenias
664 2263 743 2299 curru
756 2247 911 2320 subjungere
925 2250 1009 2324 tigres

326 2344 443 2401 Instituit
453 2362 462 2405 ·,
472 2343 594 2413 Daphnis
608 2342 709 2397 thiasos
723 2344 848 2398 inducere
859 2346 978 2410 bacchi,
1086 2361 1121 2418 30

327 2446 361 2497 Et
375 2442 451 2497 foliis
468 2445 554 2495 lentas
569 2440 690 2495 intexere
705 2442 831 2495 mollibus
847 2441 942 2495 hastas.

327 2540 404 2594 Vitis
420 2554 451 2593 ur
467 2539 604 2594 arboribus
618 2537 710 2592 decori
726 2537 782 2600 est,
797 2553 828 2591 ut
843 2536 944 2591 viribus
960 2556 1042 2607 uvae,

326 2639 366 2691 Ut
380 2637 505 2708 gregibus
522 2636 606 2701 tauri,
623 2636 725 2707 segetes
738 2650 769 2689 ut
784 2635 926 2709 pinguibus
939 2634 1029 2698 arvis3

326 2735 371 2788 Tu
385 2736 465 2788 decus
476 2750 558 2787 omne
571 2731 624 2787 tuis
636 2750 643 2786 :
654 2732 792 2803 postquam
805 2746 832 2787 re
842 2734 904 2795 Fata
915 2734 1049 2797 tulerunt,

327 2831 386 2901 Ipsa
402 2829 477 2904 Pales
491 2846 589 2900 agros,
604 2843 684 2898 atque
698 2828 760 2904 ipse¹
771 2828 879 2899 reliquit
894 2830 1004 2897 Apollo·
1088 2841 1119 2897 35

330 2926 449 2981 Grandia
461 2923 533 2996 [πρὸ
547 2924 642 2997 quibus
655 2926 842 2979 mandavimus
854 2925 953 2979 hordea
964 2923 1061 2992 sulcis,

327 3022 425 3077 lnielix
441 3021 540 3076 lolium
555 3022 582 3074 δι
596 3020 697 3074 steriles
713 3020 852 3075 nascuntur
865 3038 968 3074 avenae.

329 3120 382 3173 Pro
397 3117 477 3172 molli
489 3116 581 3181 violi,
596 3134 646 3187 pro
661 3134 797 3188 purpureo
812 3116 939 3181 narcisso,

330 3215 449 3270 carduus
467 3215 494 3269 δι
510 3213 595 3284 spinis
609 3211 692 3286 surgit
706 3216 827 3287 paliurus
841 3214 935 3270 acutis.

329 3313 450 3388 Spargite
460 3314 572 3369 humum
585 3313 800 3382 foliis,inducite
811 3313 929 3370 fontibus
938 3313 1057 3378 umbras,
1086 3326 1123 3377 40

920 3409 977 3476 bij
