2859 4325
546 661 604 707 ru.
623 646 834 709 AEuurnu.
988 655 1049 723 37³

296 763 298 765 ’
327 746 455 800 ‘evidenter
469 751 519 802 'fruit
539 753 627 804 fastum
642 753 725 804 ulceri
742 751 818 802 manu
833 763 864 799 ex
878 743 1001 814 requirat,
1021 760 1050 796 ¹¹³

319 840 401 875 ¹autea
416 827 536 893 legebatur
553 835 578 879 ot
595 832 667 881 habet
680 834 754 880 etiam
770 829 798 879 B.
814 824 897 892 Vulgo
914 825 1001 890 legitur
1015 838 1052 872 tc·

330 902 413 967 quie,
428 903 495 970 quod
508 907 580 956 habet
594 908 634 967 A,
648 910 673 957 δι
692 905 846 961 lucinianae
857 901 1013 968 tic-requirat.

327 1001 333 1020 ·,
366 981 418 1038 189.
437 982 820 1048 Cuudiidt'iiopatemusouautet.
834 977 981 1031 Heinsiueex
998 990 1051 1028 mo·
1129 1024 1132 1028 ,

329 1055 428 1106 lioribus
444 1060 543 1109 restituit
559 1060 618 1110 diuo
633 1092 643 1119 ,
658 1057 724 1124 quod
742 1058 842 1123 legimus
856 1060 928 1106 etiam
947 1059 973 1105 in
990 1051 1049 1105 cod.

327 1132 420 1183 Medic.
432 1139 461 1184 ¹&
476 1138 501 1184 in
518 1133 573 1185 cod.
589 1136 649 1200 Reg.
664 1134 703 1183 Xl.
715 1150 735 1183 t.
755 1131 892 1200 Rejicienda
908 1149 965 1198 ergo
980 1129 1050 1197 vulg.

328 1207 398 1257 lectio
415 1210 498 1268 diuis,
514 1225 567 1275 quae
581 1212 663 1274 utique
678 1206 737 1258 ell'et
748 1210 825 1257 ›nintis
841 1208 957 1272 prosaica.

364 1287 418 1334 268.
436 1287 546 1351 Fugimus
555 1285 715 1351 spumantibus
726 1284 802 1334 undis.
814 1283 960 1334 Emendauic
972 1284 1049 1334 Hein-

327 1362 374 1414 fius
385 1365 500 1427 ferimur:
515 1365 556 1416 sed
571 1366 638 1431 vulg.
655 1365 725 1414 lefiio
740 1361 835 1415 videtur
849 1361 972 1413 retinenda
985 1381 992 1411 t
1004 1362 1047 1411 hie

327 1445 393 1491 enim
412 1447 489 1508 agitur
508 1441 538 1492 de
554 1442 611 1492 veri
627 1441 705 1507 fugi;
721 1443 759 1490 cui
774 1439 860 1491 alludit
876 1440 938 1489 infra
953 1438 963 1507 (
976 1439 1046 1506 283)

325 1521 440 1588 Juvatque
451 1523 536 1588 fugam
553 1523 639 1572 medios
654 1522 744 1584 tenuiffe
757 1537 800 1586 pet
814 1519 894 1582 hostes.
909 1517 1047 1577 Ceteculm,

326 1590 393 1657 quod
408 1610 506 1643 omnem
520 1594 674 1660 questionem
690 1593 799 1644 dirimit:
814 1591 869 1642 cod.
885 1590 976 1642 Medic.
989 1590 1048 1642 cod.

325 1669 378 1734 neg
402 1671 441 1719 X¹.
454 1688 473 1720 s.
486 1672 587 1723 Aetium
601 1677 626 1722 δι
638 1673 665 1723 Β.
680 1675 769 1722 habent
779 1673 923 1722 unanimiter
929 1669 1047 1734 fugimus.
1060 1713 1061 1716 ,

360 1763 414 1807 293.
434 1748 524 1810 Celsum
544 1750 652 1799 Buthroti
671 1749 798 1798 accedimus
815 1747 898 1797 urbem.
916 1747 976 1808 Quae
991 1762 1046 1796 ver·

323 1821 355 1870 ba
367 1855 375 1880 ,
387 1822 472 1883 celsam
489 1823 583 1883 urbem,
599 1823 743 1873 induxerunt
761 1838 788 1873 ut
802 1823 884 1888 vulgg.
896 1821 957 1882 edd.
973 1822 1047 1886 scrip·

322 1899 398 1947 serint
414 1899 574 1961 ascendimus.-
590 1899 631 1950 sed
645 1899 701 1950 cod.
717 1899 810 1951 Medic.
824 1898 879 1949 cod.
899 1901 958 1964 Reg.
973 1899 1013 1948 Xi.
1024 1901 1047 1948 t·

323 1973 407 2022 nostrie
424 1976 497 2022 etiam
516 1972 572 2023 edd.
589 1975 611 2024 A
629 1979 655 2024 δι
671 1976 716 2036 Β,
737 1976 827 2025 habeut
842 1978 985 2026 unanimiter
1005 1990 1047 2023 ac·-

322 2048 443 2106 cedt'mus;
460 2053 485 2098 dc
499 2048 608 2098 Heinlius
627 2052 758 2100 revocavit.

357 2140 412 2187 329.
429 2127 475 2175 Me
486 2126 582 2189 famulo
593 2126 763 2192 famulamque.
782 2127 820 2177 Sic
835 2125 921 2193 legitur
935 2127 975 2177 hic
991 2141 1046 2177 ver·

320 2202 358 2249 sus
372 2205 398 2250 ln
411 2203 431 2251 Α
446 2206 471 2251 &
487 2204 527 2264 B,
543 2202 628 2253 codice
643 2202 735 2253 Medic.
752 2208 777 2254 ic
791 2204 843 2253 aliie
856 2202 929 2255 codd.
945 2221 973 2254 ex
989 2207 1046 2272 qui·

321 2278 365 2326 bus
384 2280 463 2342 ipsum
478 2280 580 2329 restituit
598 2279 716 2329 Heinfiut.
734 2280 816 2345 vulgo
838 2280 924 2345 legitur
940 2284 985 2330 Me
1002 2280 1046 2344 fa·

322 2355 411 2404 mulam
421 2355 567 2421 famuloque.

358 2427 411 2487 338.
428 2427 478 2475 Aut
494 2426 600 2492 quisnam
616 2429 704 2479 habent
724 2429 745 2479 Α
762 2432 787 2478 &
804 2428 823 2478 B
837 2462 847 2484 ‚
868 2427 924 2479 cod.
950 2428 1044 2481 Medic.

322 2505 347 2552 δι
365 2502 405 2554 alii
423 2504 496 2555 codd.
513 2524 541 2556 ex
558 2508 643 2573 quibus
660 2506 796 2560 emendavit
815 2507 943 2565 Heinfius,
961 2526 1046 2562 contre

319 2580 388 2647 vulg.
406 2582 541 2632 lectionem.
557 2585 608 2633 Aut
622 2584 675 2651 quis
692 2600 724 2634 te.

355 2672 411 2719 341.
428 2659 510 2723 Ecqua
521 2673 597 2707 tamen
610 2662 709 2709 retinuit
723 2658 832 2710 Heinsius
848 2675 877 2709 ex
892 2659 1043 2713 melioribus.

318 2733 404 2800 dlulgd
419 2735 506 2802 legitur
519 2740 555 2786 Et
570 2756 618 2805 quae
628 2739 690 2800 jem.
702 2738 768 2790 Cod.
782 2739 872 2790 Medic.
887 2743 912 2789 δι
930 2740 971 2788 alii
985 2738 1042 2790 cod.

319 2812 429 2874 habent,
448 2829 474 2863 ut
495 2815 516 2863 Α
532 2818 557 2864 &
574 2816 593 2864 B
610 2849 619 2875 ,
637 2818 672 2864 Et
691 2833 736 2881 qua
752 2832 836 2881 temen.
855 2817 950 2866 Habent
970 2819 1044 2869 etiam

319 2883 395 2935 iidem
410 2886 483 2937 codd.
499 2891 525 2937 in
538 2890 606 2938 versu
623 2892 673 2955 seq.
690 2890 794 2956 Ecquit,
807 2889 875 2957 quod
890 2893 911 2941 A
927 2895 952 2941 dc
969 2892 988 2941 B
1005 2891 1043 2941 le·

323 2974 384 3025 gunt
399 2962 514 3027 Ecquid,
531 2980 575 3028 pro
592 2965 692 3029 Ecquid.

355 3036 409 3099 354.
425 3038 500 3088 Aulai·
519 3041 544 3088 iu
565 3041 647 3090 medio.
669 3040 722 3091 Nec
746 3040 854 3093 offendat
871 3045 920 3092 haec
941 3043 1041 3106 forma,

319 3112 411 3168 aulai,
428 3130 472 3179 pro
489 3117 550 3165 uulae
566 3150 574 3174 ‚
592 3133 664 3182 quam
685 3120 774 3183 recepit
790 3119 900 3168 Heinllut
921 3137 949 3168 ex
966 3119 1040 3171 codd.

319 3194 346 3240 ἃ
355 3189 466 3256 adquam
477 3209 526 3242 non
537 3193 609 3243 semel
619 3197 718 3243 recurrit
727 3198 775 3261 ipse
783 3197 914 3261 Virgilius:
927 3199 965 3247 Sic
976 3202 1042 3249 enirn

317 3267 429 3336 scripit,
444 3269 560 3329 uuvi.
580 3289 636 3335 747.
651 3272 728 3341 Atque
742 3273 811 3325 aurai
820 3273 933 3340 fimplieit
948 3278 1041 3344 iguem

796 3365 882 3452 ij
