2859 4325
500 645 740 729 Lunna
799 644 881 730 II.
979 652 1051 772 r85

311 805 395 873 Troia
408 807 487 862 fidem
498 845 507 869 ‚
519 811 539 862 st
551 828 615 864 vera
631 811 712 864 serant
723 847 731 872 ,
744 809 764 862 fi
778 825 872 879 magna
888 799 1041 875 rependanti

349 906 448 959 Omnis
463 909 522 976 spes
539 887 681 971 Danastiu,
698 908 724 959 &
743 907 828 975 coepti
845 901 1023 959 fiducia-belli

307 1001 424 1056 Palladis
438 1004 547 1056 auxiliis
564 1005 669 1072 semper
683 1003 764 1073 stetit,
779 1003 881 1071 Impius
896 1019 932 1054 ex
947 1017 1002 1070 quo

310 1099 430 1167 :Tydides
441 1100 485 1152 sed
496 1098 569 1151 enim
581 1134 588 1156 ,
600 1100 782 1168 scelerumque
795 1098 923 1152 inventor
933 1096 1061 1169 ulylles‚·

311 1197 401 1248 Fatale
416 1195 525 1264 aggredi
540 1196 640 1248 sacrato
658 1197 774 1247 avellere
792 1197 895 1262 templo
1051 1193 1101 1263 165

283 1341 287 1347 ,
310 1289 477 1353 Palladium,
494 1290 565 1343 caefis
583 1292 691 1343 summe
708 1288 862 1344 custodibus.
873 1289 959 1354 arcis,
1046 1339 1049 1343 .

313 1386 476 1456 Corripuere
492 1387 592 1440 sacram
605 1387 720 1458 effigiem
733 1423 742 1447 ,
758 1386 929 1456 manibusque
941 1387 1057 1441 cruentis

310 1483 453 1554 Virgineus
470 1485 523 1537 ausi
539 1484 620 1538 Divae
638 1485 796 1554 contingere
814 1482 920 1537 vittas:
1014 1532 1016 1537 .

311 1581 419 1634 Ex‘illo
438 1581 520 1635 fluere
538 1600 568 1636 ac
586 1581 658 1636 retrb
677 1583 794 1651 sublapsa
813 1577 905 1634 referri
994 1561 1002 1572 χ

312 1681 379 1746 Spes
390 1677 534 1743 Daunius,
550 1677 637 1730 fraslae
651 1678 724 1731 vires
737 1717 745 1742 ‚
760 1678 851 1729 aversa
865 1657 930 1728 Deae
943 1690 1027 1730 meus.
1050 1689 1102 1742 170

311 1775 369 1825 Nec
383 1773 470 1826 dubiis
485 1791 516 1826 ea
536 1774 608 1845 signa
625 1774 697 1826 dedit
715 1772 841 1826 Tritonia
861 1771 994 1826 monstris.

311 1870 367 1923 Vix
379 1871 493 1938 positum
505 1871 592 1923 castris
605 1872 789 1930 simulacrum
802 1869 887 1924 arsere
898 1869 1012 1922 coruscae
1029 1901 1032 1907 ·

312 1969 470 2022 Luminibus
487 1968 600 2022 flamme
618 1968 742 2037 anellis,
756 1968 887 2038 salsusque
902 1984 949 2036 per
966 1981 1038 2021 artus

312 2069 399 2120 Sudor
413 2067 462 2130 iit,
479 2082 572 2138 terque
585 2067 641 2137 ipsa
656 2068 716 2121 solo
733 2066 876 2134 (mirabile
894 2064 984 2134 niun)

312 2164 1098 2237 Emicuit,parmamquelereushastenqnetrenenten.175
1163 2208 1165 2214 .

313 2261 456 2329 Extemplb
472 2266 596 2317 tentanda
613 2264 676 2333 lugd
691 2263 763 2317 cauit
779 2278 886 2331 aequota
903 2260 1033 2315 Calchas:

313 2360 371 2411 Nec
385 2358 458 2427 poffe
473 2360 606 2431 Argolicis
624 2359 745 2412 exscindi
760 2359 883 2428 Pergama
898 2357 976 2417 telis;

314 2456 416 2509 Omina
430 2457 458 2508 ni
472 2443 594 2525 repetant
608 2456 686 2526 Argis
698 2489 706 2515 ,
723 2471 874 2523 numenque
888 2455 1029 2513 reducant.

314 2553 396 2618 Quod
410 2553 507 2622 Pelago
524 2552 549 2603 δι
565 2552 657 2603 curvis
671 2551 760 2604 secum
775 2549 890 2604 avexere
906 2548 1014 2605 catinis.

313 2649 346 2699 Et
360 2664 447 2711 nunc,
461 2645 533 2716 qubd
547 2647 645 2717 patrias
661 2661 747 2701 vento
763 2646 863 2716 petiere
880 2646 1028 2717 Mycenas,
1050 2644 1103 2698 180

312 2748 393 2795 Arma
400 2744 525 2813 Deosque
534 2759 627 2812 parant
634 2746 748 2798 comites
756 2783 767 2809 ,4
773 2747 922 2815 pelagoque
934 2742 1057 2796 remenso

312 2840 455 2905 Improvisr
468 2842 597 2895 aderunt:
614 2840 651 2892 ita
667 2841 764 2910 digerit
782 2840 874 2893 omnia
888 2838 1009 2892 Calchas.

313 2937 390 2989 Hanc
401 2952 448 3001 pro
460 2935 578 2989 Palladio
590 2970 598 2996 ,
611 2937 727 2998 moniti,
738 2954 787 3005 pro
799 2916 908 2989 nuniine
920 2937 1001 2996 laeso,

313 3032 432 3101 Effigiem
448 3031 578 3093 statuere,
596 3034 669 3087 nefas
686 3050 746 3103 quae
765 3031 837 3085 triste
853 3033 948 3101 piaret.
1045 3082 1047 3087 .

311 3128 386 3180 Hanc
397 3143 486 3180 tamen
497 3127 652 3182 immensam
665 3130 775 3183 Calchas
787 3130 908 3182 attollere
919 3131 1021 3183 molent
1051 3130 1099 3197 185

312 3224 463 3277 Roboribus
479 3224 578 3288 textis,
595 3230 713 3295 caeloque
729 3228 841 3280 educere
854 3224 958 3290 jussittt

312 3322 355 3375 Ne
369 3322 454 3392 recipi
470 3321 571 3393 portis,
589 3340 633 3378 aut
649 3324 709 3379 duci
721 3324 752 3393 in
770 3322 870 3377 moenia
885 3322 982 3393 polliri
