2859 4325
375 648 431 748 90
527 628 953 712 'Gnoncrcon

386 793 464 862 Quin
480 791 560 847 etiarn
577 789 643 844 coeli
658 787 798 858 regionem
814 787 844 839 in
860 785 964 842 cortice
978 786 1100 858 signante

300 874 304 882 ¹
332 891 445 956 270Ut,
456 907 511 960 quo
520 904 633 958 quaeque
641 886 725 938 modo
735 883 850 942 steterit,
861 883 914 953 qud
923 900 998 952 parte
1006 888 1106 941 calores

386 985 524 1040 Austrinos
542 983 650 1046 tulerit,
665 999 725 1052 quae
741 996 815 1051 terga
833 981 983 1034 obverterit
998 982 1062 1043 axi,

387 1078 619 1142 Reffituanr‚adeo
627 1081 657 1134 in
668 1080 765 1135 teneris
775 1079 947 1133 consuescere
956 1083 1072 1134 multum
1080 1079 1125 1136 esti
1145 1078 1147 1083 ’

387 1179 527 1238 Collibus,
542 1187 577 1232 a'n
589 1181 671 1247 plano
683 1177 780 1230 meiius
794 1177 824 1229 stt
837 1194 939 1246 ponere
951 1177 1054 1244 vitem,

387 1276 487 1343 Quaere
502 1274 586 1344 priris.
600 1275 628 1328 Si
639 1274 746 1349 pinguis
761 1291 838 1344 agros
853 1275 987 1329 metabere
1003 1276 1107 1345 campi:

333 1389 384 1441 275
394 1372 483 1426 Densa
492 1373 563 1432 sere;
573 1373 601 1423 in
611 1371 693 1423 denso
702 1386 758 1422 non
769 1370 876 1441 segnior
887 1371 968 1423 ubere
979 1371 1107 1425 Bacchus·

273 1444 278 1451 x
389 1469 438 1524 Sin
451 1469 562 1522 tumulis
577 1468 678 1520 acclive
693 1467 780 1519 solum
793 1468 928 1537 collesque
944 1469 1076 1537 supinosr

390 1569 503 1638 Indulge
519 1566 668 1633 ordinibus·
682 1566 739 1617 Nec
754 1545 840 1618 seciirr
852 1550 942 1618 ornnis
954 1565 984 1617 in
995 1580 1111 1638 unguem

392 1662 538 1716 Arboribus
553 1659 647 1731 positis
661 1659 735 1712 sedin
748 1660 795 1713 via
811 1660 899 1713 limite
914 1663 1035 1730 quadret.

391 1759 431 1812 Ut
448 1756 539 1826 saepd,
556 1757 660 1827 ingenti
673 1759 745 1810 bello
761 1755 819 1809 crim
834 1759 916 1826 longa
932 1758 1060 1812 cohorter

337 1857 391 1911 280
398 1854 533 1924 Explicuit
545 1853 638 1925 legio,
655 1854 681 1906 δι
696 1869 794 1921 campo
808 1852 879 1906 stetit
890 1870 988 1925 agmen
1002 1845 1120 1925 aperto(

391 1952 561 2022 Dirediaeque
577 1952 666 2010 acies,
685 1968 716 2003 ac
732 1949 785 2004 late
801 1948 911 2003 fluctuat
926 1952 1019 2005 omnis

394 2049 456 2103 AEre
473 2048 605 2101 renidenti
623 2050 720 2109 tellus,
738 2050 863 2101 necdum
880 2047 990 2102 horrida
1000 2049 1112 2103 miscent

393 2145 510 2211 Proelia,
526 2144 570 2199 sed
581 2146 677 2201 dubius
689 2146 784 2200 mediis
796 2147 871 2199 Mars
882 2161 952 2199 errat
963 2144 994 2199 in
1007 2147 1102 2202 armisr

395 2241 496 2295 Omnia
513 2241 563 2295 sint
576 2243 683 2315 paribus
703 2242 821 2296 numeris
838 2242 956 2296 dimensa
970 2243 1091 2307 viarum,

341 2339 390 2407 285
399 2340 464 2392 Non
474 2339 594 2391 animum
605 2337 687 2393 modo
701 2338 740 2391 uti
749 2339 836 2407 pascat
846 2338 1136 2418 prospecffls'inanem

395 2438 448 2491 sed
463 2438 526 2508 quia
541 2454 597 2489 non
613 2436 689 2490 aliter
702 2435 776 2489 vires
791 2434 863 2488 dabir
878 2434 1004 2488 omnibus
1022 2454 1111 2506 aequas

395 2527 867 2604 Terra‚nequeinvacuumpoterunt
876 2532 902 2583 se
910 2534 1056 2586 extendere
1064 2534 1140 2588 tamir

372 2656 377 2672 ι
434 2630 553 2683 Forsitan
565 2631 608 2689 δι,
620 2629 755 2692 scrobibus
765 2646 823 2697 quae
835 2628 885 2680 sint
895 2627 1013 2697 fastigia,
1024 2647 1139 2699 queres.

398 2726 488 2779 Aufirn
498 2728 544 2779 ves
560 2725 636 2780 renui
647 2726 735 2779 vitem
750 2725 918 2778 committere
933 2724 1027 2780 sulcet

344 2823 494 2890 290Altior
508 2840 539 2878 ac
556 2823 664 2893 penitis
678 2838 755 2876 terrae
771 2823 895 2894 defigitur
905 2822 1003 2883 arbor,

401 2921 526 2976 AEsculus
533 2923 562 2975 in
570 2921 664 2991 primis
675 2937 750 2991 :quer
761 2919 889 2991 quantirm
897 2916 999 2971 vertice
1007 2917 1040 2970 ad
1047 2935 1124 2973 aura

401 3018 558 3083 Echemus,
573 3017 676 3071 tanrirrn
689 3016 775 3070 radice
788 3015 816 3067 in
829 3024 925 3068 tartara
937 3008 1033 3067 tendite

403 3116 474 3185 Ergo
484 3130 541 3167 non
551 3113 654 3168 hiemes
664 3114 755 3177 illam,
765 3110 925 3177 nonflabra,
935 3127 1024 3181 neque
1033 3108 1132 3165 imbres

404 3209 570 3264 convellunt
581 3230 590 3271 ;
602 3211 715 3264 immota
727 3223 833 3271 manet,
845 3207 999 3277 multosque
1011 3188 1125 3276 nepotes

348 3320 401 3378 295
411 3307 497 3362 Multo
512 3306 602 3361 virdrn
616 3309 734 3365 volvens
752 3307 869 3362 durando
883 3305 969 3361 secula
984 3303 1091 3365 vincitr
