2859 4325
477 524 730 608 L1unn
786 519 882 604 IV.
974 548 1047 630 ¹33

299 689 376 757 Quis
393 688 496 743 dubiret
510 688 522 738 i
537 707 599 741 nam
615 687 687 757 saep'e
703 689 780 741 savos
796 685 906 755 ignotus
922 681 1009 735 adedit

301 787 405 841 Stellio
419 805 428 846 ;
447 787 472 839 ds
490 785 616 856 lucifugis
632 783 754 856 congesta
769 782 866 835 cubilia
881 779 995 839 blattis;

299 883 491 952 immunisque
504 884 597 935 sedens
614 881 700 934 aliena
715 882 748 933 ad
763 880 857 948 pabula
872 879 966 941 sucus,

289 981 359 1055 RAur
372 979 448 1047 asper
461 956 554 1031 crabro
566 976 711 1046 imparibus
723 977 750 1029 se
762 975 904 1028 immiscuit
915 972 1017 1032 armisr
1047 986 1098 1037 245

301 1077 358 1126 Aut
375 1074 483 1133 dirum.
497 1073 596 1137 tinen,
612 1090 694 1144 genus
707 1091 718 1133 3
731 1086 776 1124 aut
790 1070 878 1123 invisa
893 1071 1025 1123 Minervae

303 1173 398 1225 Laxos
416 1171 445 1223 in
458 1171 561 1225 foribus
577 1171 713 1240 suspendit
728 1186 821 1223 aranea
837 1167 929 1222 casses.

304 1265 374 1334 Quo
391 1267 476 1338 magis
492 1266 623 1320 exhauste
637 1266 737 1319 suerint
750 1284 758 1321 r
773 1267 828 1318 boc
843 1265 928 1318 acriirs
943 1280 1039 1317 omnes

302 1365 468 1418 Incumbent
483 1366 587 1436 generis
603 1365 668 1434 lapfi
682 1364 777 1417 sarcire
792 1365 900 1420 ruinas·

307 1460 546 1530 complebuntque
555 1461 630 1514 soros
640 1499 650 1525 ‚
661 1460 688 1513 dt
698 1460 810 1513 floribus
821 1461 918 1512 horrea
929 1470 1030 1511 terrent·
1050 1473 1102 1525 250

348 1557 380 1611 Si
391 1556 477 1618 dero.
492 1558 638 1626 (quoniam
650 1558 723 1610 casus
734 1557 827 1625 apibus
840 1574 946 1626 quoque
957 1555 1060 1608 nostros

308 1657 380 1709 Vita
393 1656 475 1723 tulit)
491 1655 558 1707 trisii
572 1656 733 1724 languebunt
747 1671 859 1723 corpora
874 1655 988 1712 morbos

311 1754 396 1820 Quod
412 1752 466 1817 iarn
479 1770 535 1805 non
551 1742 637 1805 dubiis
652 1751 755 1821 poteris
770 1751 930 1820 cognoscere
944 1748 1042 1820 signis:

313 1847 456 1903 Continuo
470 1848 507 1901 est
522 1849 599 1918 aegris
614 1849 680 1901 alius
695 1850 793 1913 colom
808 1848 914 1901 horrida
932 1851 1036 1901 vultum

311 1947 458 2021 Deformar
473 1945 573 1999 macies
587 1963 598 2005 3
616 1961 672 1997 rum
688 1961 801 2013 corpora
815 1947 874 1997 luce
889 1943 1024 1998 carentum
1044 1959 1082 2010 25
1088 1959 1102 2010 5

313 2045 466 2111 Exporranr
481 2040 575 2104 tediis,
591 2042 617 2093 dt
634 2041 716 2093 tristia
731 2042 823 2094 sunern
837 2043 953 2102 durumr

314 2143 373 2195 Aut
387 2140 440 2193 illa
457 2138 568 2208 pedibus
583 2153 712 2191 connexe
729 2140 761 2192 ad
774 2122 867 2192 limina
881 2141 1014 2209 pendent,

315 2239 374 2290 Aut
387 2236 459 2290 iuriis
476 2236 568 2290 clausis
586 2235 740 2289 curuantur
755 2236 783 2287 in
800 2236 898 2288 edibus
915 2252 1028 2300 omnes,

313 2335 476 2404 lgnavaeque
491 2334 579 2398 same,
594 2335 620 2386 dt
639 2333 775 2387 contrado
793 2333 891 2401 frigore
908 2333 997 2400 pigre.

316 2432 388 2485 Turn
399 2430 480 2482 sonus
488 2430 590 2482 auditur
598 2428 723 2500 gravior,
733 2426 889 2495 tradimque
897 2427 1043 2479 susurrant:
1057 2426 1109 2478 26·

317 2528 440 2596 Frigidus
454 2543 483 2579 ur
498 2528 630 2596 quondam
646 2527 720 2579 silvis
735 2525 919 2578 immurmurat
930 2523 1021 2576 Auster
1027 2541 1038 2583 3

318 2626 358 2677 Ut
373 2640 446 2676 mare
462 2623 607 2677 sollicitum
623 2624 707 2677 ssridir
722 2623 893 2678 refluentibus
910 2623 1007 2683 undis3

319 2722 420 2774 AEsiuar
435 2737 464 2774 ut
479 2721 571 2774 clausis
584 2722 691 2789 rapidus
704 2722 858 2773 fornacibus
871 2720 951 2789 ignis.

319 2822 371 2873 Hic
387 2818 440 2884 iam
455 2820 598 2890 galbaneos
617 2820 730 2872 suadebo
746 2818 885 2870 incendere
901 2817 1013 2880 odores,

318 2917 454 2985 Mellaque
469 2915 620 2970 arundineis
635 2916 733 2968 inserte
748 2914 898 2974 canalibus.
914 2909 985 2965 ultro
1061 2911 1111 2978 263

319 3016 482 3068 Horranrem
498 3015 524 3066 δι
538 3013 613 3066 fessas
630 3015 662 3065 ad
676 3015 771 3082 pabula
789 3026 852 3064 nota
868 3023 1020 3062 vocantem.

320 3113 485 3170 Proderit&
504 3112 610 3164 tunsum
624 3113 699 3181 gallae
718 3110 861 3166 admiscere
878 3108 1018 3174 saporem,

320 3212 487 3282 Arentesque
505 3210 598 3275 rosas,
613 3225 658 3264 aut
673 3209 730 3282 igni
746 3207 856 3281 pinguia
870 3207 959 3260 midro
