2859 4325
488 596 722 689 Zralare
780 597 851 686 II.
962 613 1037 718 189
1130 582 1131 586 Ν

298 756 416 827 lntipit‚
433 759 460 812 δι
477 761 550 815 dono
567 760 669 814 Divtlm
688 761 830 832 gratiffima
848 761 938 832 serpit.

301 854 439 909 insomnis
450 875 527 921 ,ecce
538 859 901 922 ‚anreoculosmoeliiffimus
911 859 1011 914 Heliot
1032 877 1085 927 270

301 949 382 1002 Visus
392 952 475 1005 adelle
486 955 553 1006 milti
563 990 572 1014 ,
583 956 722 1023 largosque
733 954 867 1007 effundere
878 954 956 1008 fletus
966 973 975 1016 ς

302 1047 429 1115 Raptatus
445 1051 532 1119 bigis,
549 1068 578 1104 ut
595 1054 747 1120 quondam,
763 1066 870 1121 aterque
883 1069 995 1106 cruento

302 1142 434 1209 Pulvere,
446 1163 546 1215 perque
559 1150 639 1214 pedes
652 1146 774 1210 traieclus
786 1150 843 1200 lora
856 1164 1000 1204 tumentes.

303 1240 356 1292 Hei
367 1241 449 1303 mihi,
462 1245 546 1310 qualis
556 1259 611 1294 erat
622 1247 628 1296 !
641 1241 767 1311 quantiam
778 1259 896 1296 mutatus
906 1247 937 1299 ab
948 1246 998 1300 illo

304 1335 442 1400 Ηεᾶοιο,
458 1338 504 1405 qui
523 1337 590 1390 redit
605 1329 718 1390 exuvias
732 1337 840 1391 inclutus
860 1341 988 1405 Achillis,
1037 1357 1087 1410 275

307 1431 362 1484 Vel
376 1433 497 1483 Danaum
513 1431 644 1502 Phrygios
655 1431 785 1499 jaculatus
803 1434 938 1501 puppibus
954 1435 1049 1506 ignes!

308 1529 605 1597 squalentembarbam,
616 1529 642 1580 δι
651 1530 792 1582 concretos
802 1529 927 1599 sanguine
938 1531 1023 1584 crines
1033 1565 1041 1592 ,

308 1626 481 1696 Vulneraque
492 1626 535 1678 illa
544 1643 650 1696 gerens,
660 1642 718 1694 quae
726 1626 823 1680 circum
836 1628 951 1696 plurime
962 1646 1053 1682 muros
1075 1627 1077 1632 ’

308 1725 419 1794 Accepit
435 1723 547 1794 patrios.
565 1727 645 1778 Ultro
663 1724 730 1777 flens
749 1724 804 1794 ipse
820 1723 931 1780 videbar

310 1821 479 1889 Compellare
490 1821 578 1875 virum
590 1859 597 1883 ,
612 1821 637 1872 δι
647 1819 753 1871 moestas
765 1802 924 1888 expromere
933 1836 1016 1875 voces
1031 1821 1097 1876 :280

311 1916 339 1969 0
352 1920 399 1968 lux
411 1917 569 1976 Dardaniae,
581 1917 639 1984 spes
651 1916 669 1968 ὁ
681 1914 801 1967 fidiffima
811 1915 963 1977 Teucrum,

312 2014 382 2080 Quae
393 2028 469 2066 tantae
479 2013 588 2066 tenuere
597 2029 677 2065 motae
688 2015 699 2066 ἓ
711 2011 806 2082 quibus
817 2013 918 2067 Hector
927 2015 959 2067 ab
970 2012 1026 2072 otis

311 2111 455 2181 ExpeCiate
467 2112 544 2167 venis
555 2109 566 2163 i
577 2127 606 2165 ut
618 2126 645 2165 tt
655 2110 714 2181 poli
726 2096 807 2165 multa
819 2126 927 2166 tuorum

312 2209 430 2273 Funera,
442 2209 501 2278 post
511 2209 600 2263 uarios
613 2208 809 2277 hominumque
820 2209 1056 2279 urbisquelabores

314 2304 414 2357 Defeffi
430 2293 593 2373 aspicimus!
614 2322 672 2373 quae
689 2305 763 2356 causa
780 2305 888 2373 indigna
903 2305 1010 2359 serenos
1049 2304 1099 2373 ais

315 2400 439 2453 foedavit
455 2404 568 2458 vultus?
583 2417 629 2453 aut
644 2417 690 2452 cut
704 2401 761 2451 haec
777 2383 888 2451 vulnera
906 2402 1009 2453 cerno?

314 2499 363 2551 ille
382 2499 466 2551 nihil:
482 2514 530 2551 nec
545 2514 588 2550 me
604 2512 766 2566 querentem
781 2512 849 2547 vana
868 2510 1006 2550 motatur:

316 2598 369 2650 Sed
385 2594 501 2665 graviter
518 2594 632 2664 gemitus
648 2594 706 2647 imo
723 2595 755 2647 de
772 2592 881 2663 pectore
900 2593 1015 2657 ducens,

316 2696 378 2747 Heu
388 2694 449 2765 fuge
457 2732 466 2758 ‚
475 2708 536 2746 nate
546 2692 605 2745 Dea
614 2731 623 2756 ,
631 2704 710 2762 teque
719 2692 776 2756 his,
787 2690 840 2754 ait,
850 2688 923 2759 eripe
933 2687 1059 2744 flammis.

317 2788 407 2841 Hostis
417 2790 496 2842 habet
506 2806 597 2842 muros
607 2807 614 2843 z
625 2788 678 2841 ruit
689 2791 767 2840 altoa
778 2786 894 2839 culmine
905 2783 997 2850 Troia·
1052 2798 1106 2853 290

318 2887 364 2937 Sat
375 2885 466 2952 patriae
476 2884 633 2952 Priamoque
644 2884 744 2934 datum.
754 2881 783 2933 Si
793 2881 917 2949 Pergama
927 2879 1032 2955 dextri,
1047 2903 1057 2909 ·’

319 2980 435 3034 Delendl
452 2978 572 3047 pollent,
589 2977 670 3030 etiam
687 2977 737 3029 hic
755 2976 858 3029 defensa
876 2974 991 3030 fullient.

321 3080 400 3131 sacta
416 3078 528 3145 suusque
542 3075 590 3128 tibi
607 3076 775 3129 commendat
791 3072 873 3140 Troia
890 3071 1019 3157 Penattst

321 3176 380 3227 Hos
396 3191 460 3243 cape
475 3175 590 3227 latorum
606 3172 740 3228 comites:
757 3171 800 3225 his
817 3170 917 3224 moenia
932 3187 1038 3240 quere,

323 3272 422 3348 Magna
439 3283 574 3344 pererrato
590 3268 684 3323 statues
701 3286 761 3342 quae
776 3265 888 3339 denique
902 3280 999 3337 ponto,
1054 3281 1087 3335 29
1091 3284 1105 3336 5
