2859 4325
384 654 465 729 ¹04
551 625 955 713 Gnortcrcou

378 789 412 840 Et
425 805 536 849 crurum
546 791 623 843 tentis
638 807 654 843 a
667 808 762 844 mento
775 791 891 860 palearia
905 792 1044 860 pendent}
1124 808 1127 813 ·

378 885 450 936 Tum
462 887 547 956 longo
561 888 649 939 nullus
662 887 740 940 lateri
754 889 850 941 modus
861 905 871 948 ·‚
882 888 976 941 omnia
990 904 1089 958 magna
1102 924 1114 952 ,

335 993 367 1045 55
382 982 429 1035 Pes
443 982 544 1043 etiams
559 983 714 1038 &camuris
727 985 805 1039 hirta
819 985 866 1038 sub
880 984 1009 1040 cornibus
1022 1001 1114 1041 aures.

378 1082 435 1132 Nec
448 1079 515 1133 mihi
529 1079 667 1150 displiceat
679 1084 791 1136 maculis
806 1082 916 1154 infignis
931 1083 959 1136 δι
974 1084 1054 1140 albo,

377 1179 432 1230 Aut
445 1175 506 1248 iuga
518 1179 665 1232 detrestans
677 1198 687 1241 3
701 1180 887 1249 interdumque
900 1180 992 1248 aspera
1006 1183 1115 1243 cornu,

377 1277 411 1330 Et
426 1276 522 1330 fatiem
536 1292 615 1331 tauro
630 1278 745 1348 propior
760 1296 770 1338 ς
784 1294 896 1347 queque
911 1279 994 1330 ardua
1010 1292 1088 1342 tota,

377 1374 410 1425 Er
426 1374 548 1444 gradiens
562 1374 617 1427 imi
635 1375 720 1428 verrit
733 1374 844 1446 vestigia
862 1375 956 1428 caudis

335 1475 371 1528 ⁶0
380 1471 454 1525 AEtas
469 1472 596 1526 Lucinam
609 1471 743 1542 justosque
760 1472 817 1542 pari
832 1473 1001 1542 Hymenaee

378 1569 485 1623 Desinit
500 1585 561 1624 ante
574 1571 683 1634 deurm,
699 1569 758 1639 post
772 1585 888 1640 quatuor
900 1569 999 1641 incipit
1008 1585 1114 1626 annosa

380 1669 477 1722 Cetera
491 1685 542 1724 nec
556 1669 648 1723 feturae
662 1668 775 1729 babilis,
793 1685 842 1723 nec
857 1667 936 1722 fortis
950 1667 1056 1723 aratris.

378 1766 499 1832 interea,
513 1766 619 1835 superat
634 1765 759 1837 gregibus
774 1768 837 1818 dum
853 1767 912 1818 laeta
927 1763 1074 1833 juventas,

380 1865 464 1918 Solve
474 1860 560 1918 mares
570 1882 581 1926 s
593 1863 671 1917 mirre
680 1862 709 1917 ira
722 1865 855 1944 Venerem
868 1864 994 1933 pecuaria
1006 1865 1132 1933 primus.

335 1968 370 2035 ⁶5
380 1963 468 2032 Atque
482 1963 561 2016 atiani
575 1979 610 2017 er
625 1963 676 2016 aria
692 1963 842 2034 generando
859 1962 949 2015 suffice
964 1965 1082 2030 prolem.

380 2058 494 2128 Optima
511 2075 623 2129 quaque
637 2060 693 2113 dies
707 2059 813 2113 miseris
826 2059 987 2113 mortalibus
1003 2059 1058 2113 aevi

379 2156 469 2211 Prima
485 2156 553 2228 fugit
568 2176 578 2218 3
592 2157 704 2212 subeunt
719 2156 823 2223 morbi,
839 2155 974 2228 tristisque
989 2156 1131 2223 senesturt

378 2253 414 2307 Et
428 2255 503 2307 labor
517 2255 543 2306 br
557 2255 629 2308 dura
641 2254 712 2322 rapit
727 2254 899 2307 inclementia
913 2254 1027 2311 Mortis»

261 2393 262 2398 η
374 2354 491 2422 Semper
508 2368 603 2417 eruut,
618 2368 730 2423 quarum
745 2350 841 2404 murari
857 2368 973 2420 corpora
983 2350 1077 2406 malis:

263 2446 268 2495 Ῑ
334 2462 372 2513 70
381 2453 492 2519 Semper
501 2450 573 2503 eninr
581 2448 660 2502 refice
670 2468 679 2509 3
690 2466 736 2513 ac,
752 2464 786 2501 ne
797 2448 856 2518 post
865 2448 953 2501 arniffa
963 2450 1103 2520 requiras,

379 2549 532 2610 Anteveni,
545 2549 571 2599 δι
585 2548 705 2622 spbolern
717 2561 840 2599 armento
853 2545 948 2598 sortire
962 2562 1030 2616 quor
1041 2548 1131 2601 annis}

417 2646 543 2695 Necnon
557 2645 584 2695 δι
598 2642 691 2711 pecori
708 2642 744 2694 est
760 2642 831 2694 idem
846 2641 962 2696 delebitis
978 2644 1093 2711 equino.

380 2741 423 2793 Tu
433 2738 534 2804 modi,
548 2756 617 2808 quos
628 2739 656 2791 in
666 2739 741 2808 spem
752 2739 848 2793 statues
858 2738 1011 2793 submittere
1022 2742 1132 2809 gentis,

380 2838 545 2907 Praecipuum
556 2836 609 2904 jam
622 2836 684 2890 inde
697 2852 713 2889 a
726 2836 826 2889 teneris
839 2836 962 2905 impende
976 2837 1114 2893 laborem.

336 2955 370 3006 75
383 2935 522 2992 Continui)
538 2936 643 3007 pecoris
661 2935 781 3007 generosi
796 2936 885 3004 pullus
902 2932 931 2987 in
945 2934 1019 2988 arvis

378 3017 466 3089 alitus
482 3034 642 3106 ingreditur,
660 3034 687 3086 δι
702 3033 796 3086 mollia
810 3048 885 3085 crura
900 3032 1021 3101 reponit·

331 3155 341 3189 .-
379 3131 484 3185 Primus
500 3132 578 3184 &ire
593 3131 684 3193 viam,
701 3131 728 3184 br
742 3128 842 3182 fluvios
858 3142 958 3182 tentare
974 3130 1093 3185 minaces

381 3230 485 3289 Audet,
502 3230 529 3280 δι
542 3229 638 3299 ignoto
654 3229 708 3282 sese
725 3225 893 3280 committere
908 3226 1011 3293 pontis

381 3328 438 3380 Nec
452 3341 538 3379 vanos
553 3326 645 3379 horret
659 3324 791 3395 strepitus.
805 3322 849 3378 Illi
861 3324 940 3377 ardua
955 3322 1066 3389 cervix,
1122 3372 1125 3378 ,
1140 3333 1144 3340 “
