2859 4325
514 663 750 762 Lrnan
812 653 864 745 V.
980 687 1054 775 293

315 820 358 879 Est
370 825 484 898 Dorycli
499 825 609 892 conjux.
623 822 722 877 Divini
739 822 811 894 signa
828 820 952 886 decoris,

313 926 493 995 Ardentesque
511 938 603 978 notate
618 924 713 975 oculos
726 941 736 983 ς
751 921 798 991 qui
813 919 920 999 spiritus
935 916 996 982 illi,
1063 959 1065 963 v

314 1000 375 1087 Qui
384 1022 473 1073 vultus
486 1018 615 1083 ‚vocisve
625 1015 706 1069 sonus
716 1054 725 1080 ,
735 1018 781 1069 vel
792 1014 889 1086 gressus
900 1013 987 1070 eunti.

313 1113 373 1183 ipsa
388 1129 496 1184 egomet
512 1114 609 1165 dudum
624 1110 730 1163 Beto'e'n
745 1109 855 1182 digreffa
869 1110 968 1180 reliqui
1048 1109 1103 1177 650

312 1200 420 1279 AEgram
433 1246 440 1271 ,
455 1209 653 1280 indignantem,
669 1207 715 1262 tali
732 1205 804 1276 qubd
819 1208 875 1260 sola
889 1220 991 1260 careret

312 1307 448 1370 Munere,
463 1323 512 1359 nec
525 1304 636 1359 meritos
648 1303 771 1358 Anchise
784 1303 893 1358 inferret
902 1304 1031 1359 honores·

312 1401 380 1454 Haec
394 1400 480 1454 effata.

311 1496 347 1548 At
358 1511 453 1550 matres
466 1495 555 1564 primi
565 1533 575 1558 .
586 1496 716 1567 ancipites
726 1525 735 1557 s
747 1496 886 1567 oculisque
896 1492 1019 1566 malignis

311 1593 465 1663 Ambiguae,
476 1592 591 1662 spesiare
601 1610 686 1659 rates,
698 1593 824 1646 miserum
835 1593 905 1647 inter
915 1606 1035 1646 amonem
1048 1589 1063 1641 6
1068 1607 1080 1663 5
1086 1605 1099 1655 5

311 1689 448 1744 Praesentis
464 1706 541 1744 tertae
552 1691 700 1760 [Fatisque
717 1689 843 1745 vocantia
858 1701 955 1760 regnat

312 1784 381 1837 cun
395 1786 453 1840 Dea
470 1787 496 1840 se
513 1786 618 1855 paribus
634 1803 682 1854 per
697 1789 796 1839 eoelum
811 1784 992 1850 fusuinulis,

309 1883 503 1952 lugentemque
516 1883 577 1953 suga
592 1882 675 1936 secuit
691 1883 738 1936 sub
754 1883 865 1936 nubibus
883 1896 984 1936 arcum.

309 1976 467 2063 Tumpvetb
483 1977 605 2031 attonita
621 1976 763 2042 monstris,
778 1971 895 2049 asiaeque
909 1980 1018 2043 sutore,

311 2075 487 2128 Conclamant
493 2113 501 2140 ,
509 2075 667 2145 rapiuntque
672 2075 740 2129 sacis
746 2075 924 2144 penetralibus
931 2074 1037 2146 ignem
1047 2074 1101 2128 660

311 2171 375 2226 Pars
384 2171 500 2240 spoliant
508 2173 714 2233 aras‚sr0ndem
724 2187 754 2223 ac
763 2169 879 2242 virgulta
889 2171 1011 2240 facesque

312 2264 480 2329 Coniiciunt.
495 2246 568 2318 Furit
583 2266 702 2319 immiffis
717 2267 852 2336 Vulcanus
867 2267 979 2319 habenis
1034 2264 1035 2267 ’

301 2361 433 2426 ΙΤηιιιίὶη
444 2378 491 2430 pet
501 2362 527 2414 δι
538 2378 644 2423 remos.
657 2364 684 2415 δι
692 2362 776 2431 pistas
785 2365 870 2417 abiete
880 2380 995 2432 puppes.

310 2456 426 2509 Nuntius
438 2457 557 2511 Anchise
569 2460 602 2511 ad
611 2455 743 2512 tumulum
755 2461 905 2530 cuneosque
917 2457 1012 2513 theatri

311 2553 435 2606 Incensas
450 2552 549 2620 perfert
564 2569 644 2606 naves
662 2556 804 2609 Eumelus:
820 2556 847 2607 ἃ
864 2555 913 2624 ips1
990 2594 992 2598 ψ
1046 2554 1099 2621 665

313 2647 470 2717 Respiciunt
485 2665 567 2702 atram
583 2652 612 2705 in
627 2651 720 2706 nimbo
735 2653 849 2707 volitare
863 2651 994 2707 favillam.

313 2743 418 2797 Primus
434 2746 461 2797 δι
476 2746 621 2813 Ascanius,
637 2750 727 2802 cursus
741 2765 771 2803 ut
786 2752 862 2804 latus
879 2748 1011 2819 equestres

303 2839 451 2904 Ducebat,
468 2841 503 2893 fic
517 2858 576 2893 acer
592 2859 663 2912 equo
679 2846 782 2897 turbata
797 2844 896 2913 petivit
944 2838 950 2850 ⁶

313 2931 400 2985 Castra
410 2951 416 2984 :
425 2950 473 2985 nec
482 2934 618 2988 exanimes
630 2935 737 3004 possunt
746 2938 859 2991 retinere
868 2936 993 3008 magistri.

312 3028 1102 3105 Quissuroristenovusiqubnunc‚qubtenditisiinquitz670

310 3128 373 3182 Heu
384 3126 484 3179 miserae
495 3128 569 3182 cives
580 3134 586 3185 !
600 3146 655 3183 non
666 3132 765 3185 hostem
776 3170 784 3195 ,
796 3132 955 3200 inimicaque
967 3132 1047 3187 casira

312 3223 461 3292 Argivfims
478 3225 576 3277 vestras
593 3227 652 3293 spes
668 3227 757 3280 uritis.
774 3230 811 3281 En
827 3245 878 3299 ego
896 3228 981 3281 vester

310 3321 455 3377 Ascanius:
472 3324 573 3395 galeam
588 3328 744 3397 antepedes
761 3324 875 3397 projecit
893 3325 1017 3391 inanem,

880 3420 954 3489 Niij

992 3635 1094 3657 *-
