<?xml version="1.0" encoding="UTF-8"?>
<!DOCTYPE html PUBLIC "-//W3C//DTD XHTML 1.0 Transitional//EN"
    "http://www.w3.org/TR/xhtml1/DTD/xhtml1-transitional.dtd">
<html xmlns="http://www.w3.org/1999/xhtml" xml:lang="en" lang="en">
 <head>
  <title>
</title>
<meta http-equiv="Content-Type" content="text/html;charset=utf-8" />
  <meta name='ocr-system' content='tesseract 3.04.00' />
  <meta name='ocr-capabilities' content='ocr_page ocr_carea ocr_par ocr_line ocrx_word'/>
</head>
<body>
  <div class='ocr_page' id='page_1' title='image "./publiivirgiliim00cappgoog/publiivirgiliim00cappgoog_0195.png"; bbox 0 0 2859 4325; ppageno 0'>
   <div class='ocr_carea' id='block_1_1' title="bbox 440 635 1060 757">
    <p class='ocr_par' dir='ltr' id='par_1_1' title="bbox 440 635 1060 757">
     <span class='ocr_line' id='line_1_1' title="bbox 440 635 1060 757; baseline -0.005 -28"><span class='ocrx_word' id='word_1_1' title='bbox 440 639 658 730; x_wconf 64' lang='lat' dir='ltr'>Graio.</span> <span class='ocrx_word' id='word_1_2' title='bbox 689 641 804 727; x_wconf 71' lang='lat' dir='ltr'>Lm.</span> <span class='ocrx_word' id='word_1_3' title='bbox 835 635 922 726; x_wconf 85' lang='lat' dir='ltr'>IV.</span> <span class='ocrx_word' id='word_1_4' title='bbox 988 665 1060 757; x_wconf 82' lang='lat'>¹25</span> 
     </span>
    </p>
   </div>
   <div class='ocr_carea' id='block_1_2' title="bbox 313 801 1111 2136">
    <p class='ocr_par' dir='ltr' id='par_1_2' title="bbox 313 801 1111 1456">
     <span class='ocr_line' id='line_1_2' title="bbox 313 801 976 878; baseline -0.008 -15"><span class='ocrx_word' id='word_1_5' title='bbox 313 801 489 863; x_wconf 71' lang='lat' dir='ltr'>Transversas</span> <span class='ocrx_word' id='word_1_6' title='bbox 503 809 595 863; x_wconf 82' lang='lat' dir='ltr'>salices</span> <span class='ocrx_word' id='word_1_7' title='bbox 614 808 640 861; x_wconf 75' lang='grc' dir='ltr'>δι</span> <span class='ocrx_word' id='word_1_8' title='bbox 654 806 763 878; x_wconf 76' lang='lat' dir='ltr'>grandia</span> <span class='ocrx_word' id='word_1_9' title='bbox 775 804 880 876; x_wconf 82' lang='lat' dir='ltr'><strong>conjice</strong></span> <span class='ocrx_word' id='word_1_10' title='bbox 895 807 976 859; x_wconf 78' lang='lat' dir='ltr'>sartae</span> 
     </span>
     <span class='ocr_line' id='line_1_3' title="bbox 315 906 1004 975; baseline -0.006 -15"><span class='ocrx_word' id='word_1_11' title='bbox 315 907 445 962; x_wconf 87' lang='lat' dir='ltr'>Pontibus</span> <span class='ocrx_word' id='word_1_12' title='bbox 463 923 493 960; x_wconf 90' lang='lat' dir='ltr'>ut</span> <span class='ocrx_word' id='word_1_13' title='bbox 509 906 719 975; x_wconf 79' lang='lat' dir='ltr'>crebris·poffint</span> <span class='ocrx_word' id='word_1_14' title='bbox 732 906 887 969; x_wconf 81' lang='lat' dir='ltr'>confisterc‚</span> <span class='ocrx_word' id='word_1_15' title='bbox 907 906 933 958; x_wconf 86' lang='lat'>&amp;</span> <span class='ocrx_word' id='word_1_16' title='bbox 950 908 1004 957; x_wconf 81' lang='lat' dir='ltr'>alae</span> 
     </span>
     <span class='ocr_line' id='line_1_4' title="bbox 317 1001 1031 1079; baseline -0.007 -21"><span class='ocrx_word' id='word_1_17' title='bbox 317 1005 435 1079; x_wconf 82' lang='lat' dir='ltr'>Paudere</span> <span class='ocrx_word' id='word_1_18' title='bbox 452 1003 620 1058; x_wconf 80' lang='lat' dir='ltr'>ad·aestivum</span> <span class='ocrx_word' id='word_1_19' title='bbox 635 1006 727 1055; x_wconf 86' lang='lat' dir='ltr'>Solem</span> <span class='ocrx_word' id='word_1_20' title='bbox 742 1021 751 1064; x_wconf 68' lang='grc' dir='ltr'><strong>ς</strong></span> <span class='ocrx_word' id='word_1_21' title='bbox 769 1003 788 1055; x_wconf 87' lang='lat' dir='ltr'>sr</span> <span class='ocrx_word' id='word_1_22' title='bbox 804 1001 876 1056; x_wconf 75' lang='lat' dir='ltr'>forte</span> <span class='ocrx_word' id='word_1_23' title='bbox 893 1016 1031 1056; x_wconf 74' lang='lat' dir='ltr'>morantes</span> 
     </span>
     <span class='ocr_line' id='line_1_5' title="bbox 316 1098 1074 1169; baseline -0.004 -16"><span class='ocrx_word' id='word_1_24' title='bbox 316 1101 465 1169; x_wconf 67' lang='lat' dir='ltr'>Spurserit5</span> <span class='ocrx_word' id='word_1_25' title='bbox 479 1116 525 1152; x_wconf 91' lang='lat' dir='ltr'>aut</span> <span class='ocrx_word' id='word_1_26' title='bbox 538 1115 655 1167; x_wconf 80' lang='lat' dir='ltr'>praeceps</span> <span class='ocrx_word' id='word_1_27' title='bbox 669 1101 798 1167; x_wconf 80' lang='lat' dir='ltr'>Neptuno</span> <span class='ocrx_word' id='word_1_28' title='bbox 810 1098 968 1151; x_wconf 85' lang='lat' dir='ltr'>immerserit</span> <span class='ocrx_word' id='word_1_29' title='bbox 979 1100 1074 1151; x_wconf 84' lang='lat' dir='ltr'>Eurus.</span> 
     </span>
     <span class='ocr_line' id='line_1_6' title="bbox 316 1192 1111 1267; baseline -0.008 -17"><span class='ocrx_word' id='word_1_30' title='bbox 316 1198 382 1250; x_wconf 77' lang='lat' dir='ltr'>Hac</span> <span class='ocrx_word' id='word_1_31' title='bbox 396 1197 499 1249; x_wconf 87' lang='lat' dir='ltr'>circum</span> <span class='ocrx_word' id='word_1_32' title='bbox 516 1195 591 1248; x_wconf 73' lang='lat' dir='ltr'>casim</span> <span class='ocrx_word' id='word_1_33' title='bbox 606 1193 724 1256; x_wconf 78' lang='lat' dir='ltr'>virides,</span> <span class='ocrx_word' id='word_1_34' title='bbox 741 1195 768 1246; x_wconf 85' lang='lat'>&amp;</span> <span class='ocrx_word' id='word_1_35' title='bbox 786 1194 885 1267; x_wconf 84' lang='lat' dir='ltr'>olentia</span> <span class='ocrx_word' id='word_1_36' title='bbox 901 1192 955 1248; x_wconf 72' lang='lat' dir='ltr'>late</span> <span class='ocrx_word' id='word_1_37' title='bbox 1076 1200 1111 1258; x_wconf 75' lang='lat'>3⁰</span> 
     </span>
     <span class='ocr_line' id='line_1_7' title="bbox 319 1288 1020 1362; baseline -0.004 -17"><span class='ocrx_word' id='word_1_38' title='bbox 319 1293 457 1362; x_wconf 66' lang='lat' dir='ltr'>Semylla,</span> <span class='ocrx_word' id='word_1_39' title='bbox 472 1291 499 1344; x_wconf 75' lang='grc' dir='ltr'>δι</span> <span class='ocrx_word' id='word_1_40' title='bbox 516 1289 635 1361; x_wconf 77' lang='lat' dir='ltr'>graviter</span> <span class='ocrx_word' id='word_1_41' title='bbox 650 1288 776 1358; x_wconf 82' lang='lat' dir='ltr'>spirantis</span> <span class='ocrx_word' id='word_1_42' title='bbox 794 1288 873 1356; x_wconf 86' lang='lat' dir='ltr'>copia</span> <span class='ocrx_word' id='word_1_43' title='bbox 888 1290 1020 1358; x_wconf 66' lang='lat' dir='ltr'>thymbra</span> 
     </span>
     <span class='ocr_line' id='line_1_8' title="bbox 314 1385 1011 1456; baseline -0.001 -15"><span class='ocrx_word' id='word_1_44' title='bbox 314 1389 439 1451; x_wconf 79' lang='lat' dir='ltr'>Floreat,</span> <span class='ocrx_word' id='word_1_45' title='bbox 457 1387 641 1456; x_wconf 87' lang='lat' dir='ltr'>irriguumque</span> <span class='ocrx_word' id='word_1_46' title='bbox 658 1387 751 1438; x_wconf 83' lang='lat' dir='ltr'>bibant</span> <span class='ocrx_word' id='word_1_47' title='bbox 766 1385 882 1438; x_wconf 85' lang='lat' dir='ltr'>violaria</span> <span class='ocrx_word' id='word_1_48' title='bbox 897 1386 1011 1441; x_wconf 83' lang='lat' dir='ltr'>fontem.</span> 
     </span>
    </p>

    <p class='ocr_par' dir='ltr' id='par_1_3' title="bbox 316 1482 1004 1554">
     <span class='ocr_line' id='line_1_9' title="bbox 316 1482 1004 1554; baseline -0.003 -16"><span class='ocrx_word' id='word_1_49' title='bbox 316 1487 377 1554; x_wconf 85' lang='lat' dir='ltr'>lpsa</span> <span class='ocrx_word' id='word_1_50' title='bbox 392 1501 501 1542; x_wconf 87' lang='lat' dir='ltr'>autem,</span> <span class='ocrx_word' id='word_1_51' title='bbox 517 1484 564 1536; x_wconf 84' lang='lat' dir='ltr'>seu</span> <span class='ocrx_word' id='word_1_52' title='bbox 579 1482 727 1536; x_wconf 75' lang='lat' dir='ltr'>corticibus</span> <span class='ocrx_word' id='word_1_53' title='bbox 742 1482 792 1535; x_wconf 90' lang='lat' dir='ltr'>tibi</span> <span class='ocrx_word' id='word_1_54' title='bbox 808 1483 866 1535; x_wconf 82' lang='lat' dir='ltr'>suta</span> <span class='ocrx_word' id='word_1_55' title='bbox 882 1483 1004 1548; x_wconf 79' lang='lat' dir='ltr'>cavatis,</span> 
     </span>
    </p>

    <p class='ocr_par' dir='ltr' id='par_1_4' title="bbox 316 1580 938 1643">
     <span class='ocr_line' id='line_1_10' title="bbox 316 1580 938 1643; baseline -0.002 -8"><span class='ocrx_word' id='word_1_56' title='bbox 316 1583 368 1636; x_wconf 88' lang='lat' dir='ltr'>Seu</span> <span class='ocrx_word' id='word_1_57' title='bbox 385 1585 462 1635; x_wconf 86' lang='lat' dir='ltr'>lento</span> <span class='ocrx_word' id='word_1_58' title='bbox 476 1581 577 1635; x_wconf 85' lang='lat' dir='ltr'>fuerint</span> <span class='ocrx_word' id='word_1_59' title='bbox 592 1580 709 1633; x_wconf 85' lang='lat' dir='ltr'>alvearia</span> <span class='ocrx_word' id='word_1_60' title='bbox 724 1580 829 1634; x_wconf 86' lang='lat' dir='ltr'>vimine</span> <span class='ocrx_word' id='word_1_61' title='bbox 846 1596 938 1643; x_wconf 81' lang='lat' dir='ltr'>texta,</span> 
     </span>
    </p>

    <p class='ocr_par' dir='ltr' id='par_1_5' title="bbox 313 1676 1110 2136">
     <span class='ocr_line' id='line_1_11' title="bbox 315 1676 1110 1750; baseline -0.001 -18"><span class='ocrx_word' id='word_1_62' title='bbox 315 1677 449 1750; x_wconf 79' lang='lat' dir='ltr'>Angustos</span> <span class='ocrx_word' id='word_1_63' title='bbox 464 1679 577 1730; x_wconf 88' lang='lat' dir='ltr'>habeant</span> <span class='ocrx_word' id='word_1_64' title='bbox 594 1676 680 1729; x_wconf 84' lang='lat' dir='ltr'>aditus</span> <span class='ocrx_word' id='word_1_65' title='bbox 697 1691 782 1730; x_wconf 82' lang='lat' dir='ltr'>:nam</span> <span class='ocrx_word' id='word_1_66' title='bbox 797 1677 897 1747; x_wconf 75' lang='lat' dir='ltr'>frigore</span> <span class='ocrx_word' id='word_1_67' title='bbox 915 1679 994 1731; x_wconf 80' lang='lat' dir='ltr'>mella</span> <span class='ocrx_word' id='word_1_68' title='bbox 1075 1694 1089 1747; x_wconf 79' lang='lat'><em>3</em></span> <span class='ocrx_word' id='word_1_69' title='bbox 1097 1693 1110 1744; x_wconf 83' lang='lat'><em>5</em></span> 
     </span>
     <span class='ocr_line' id='line_1_12' title="bbox 315 1772 1048 1844; baseline -0.003 -17"><span class='ocrx_word' id='word_1_70' title='bbox 315 1776 400 1844; x_wconf 82' lang='lat' dir='ltr'>Cogit</span> <span class='ocrx_word' id='word_1_71' title='bbox 410 1773 516 1836; x_wconf 82' lang='lat' dir='ltr'>hiems,</span> <span class='ocrx_word' id='word_1_72' title='bbox 530 1775 676 1841; x_wconf 90' lang='lat' dir='ltr'>eademque</span> <span class='ocrx_word' id='word_1_73' title='bbox 688 1775 762 1825; x_wconf 89' lang='lat' dir='ltr'>calor</span> <span class='ocrx_word' id='word_1_74' title='bbox 773 1773 913 1842; x_wconf 60' lang='lat' dir='ltr'>liquefacta</span> <span class='ocrx_word' id='word_1_75' title='bbox 925 1772 1048 1826; x_wconf 81' lang='lat' dir='ltr'>remittit.-</span> 
     </span>
     <span class='ocr_line' id='line_1_13' title="bbox 315 1870 1048 1940; baseline 0 -16"><span class='ocrx_word' id='word_1_76' title='bbox 315 1873 438 1939; x_wconf 86' lang='lat' dir='ltr'>Utraque</span> <span class='ocrx_word' id='word_1_77' title='bbox 449 1870 493 1923; x_wconf 87' lang='lat' dir='ltr'>vis</span> <span class='ocrx_word' id='word_1_78' title='bbox 504 1871 599 1940; x_wconf 86' lang='lat' dir='ltr'>apibus</span> <span class='ocrx_word' id='word_1_79' title='bbox 612 1870 711 1939; x_wconf 87' lang='lat' dir='ltr'>pariter</span> <span class='ocrx_word' id='word_1_80' title='bbox 722 1873 863 1923; x_wconf 84' lang='lat' dir='ltr'>metuenda</span> <span class='ocrx_word' id='word_1_81' title='bbox 875 1889 884 1929; x_wconf 90' lang='grc'>·,</span> <span class='ocrx_word' id='word_1_82' title='bbox 896 1888 982 1940; x_wconf 88' lang='lat' dir='ltr'>neque</span> <span class='ocrx_word' id='word_1_83' title='bbox 993 1871 1048 1924; x_wconf 79' lang='lat' dir='ltr'>inae</span> 
     </span>
     <span class='ocr_line' id='line_1_14' title="bbox 314 1968 963 2038; baseline -0.002 -15"><span class='ocrx_word' id='word_1_84' title='bbox 314 1969 505 2038; x_wconf 84' lang='lat' dir='ltr'>Nequidquam</span> <span class='ocrx_word' id='word_1_85' title='bbox 521 1968 549 2021; x_wconf 90' lang='lat' dir='ltr'>in</span> <span class='ocrx_word' id='word_1_86' title='bbox 567 1968 643 2022; x_wconf 64' lang='lat' dir='ltr'>retiis</span> <span class='ocrx_word' id='word_1_87' title='bbox 660 1969 780 2021; x_wconf 88' lang='lat' dir='ltr'>certatim</span> <span class='ocrx_word' id='word_1_88' title='bbox 798 1969 887 2021; x_wconf 87' lang='lat' dir='ltr'>tenuia</span> <span class='ocrx_word' id='word_1_89' title='bbox 903 1970 963 2022; x_wconf 71' lang='lat' dir='ltr'>ceri</span> 
     </span>
     <span class='ocr_line' id='line_1_15' title="bbox 313 2065 1066 2136; baseline -0.001 -16"><span class='ocrx_word' id='word_1_90' title='bbox 313 2068 485 2136; x_wconf 72' lang='lat' dir='ltr'>spiramenta</span> <span class='ocrx_word' id='word_1_91' title='bbox 502 2065 607 2126; x_wconf 82' lang='lat' dir='ltr'>linunt.</span> <span class='ocrx_word' id='word_1_92' title='bbox 623 2065 739 2134; x_wconf 84' lang='lat' dir='ltr'>fucoque</span> <span class='ocrx_word' id='word_1_93' title='bbox 756 2067 782 2117; x_wconf 80' lang='grc' dir='ltr'>δι</span> <span class='ocrx_word' id='word_1_94' title='bbox 796 2065 906 2118; x_wconf 82' lang='lat' dir='ltr'>floribus</span> <span class='ocrx_word' id='word_1_95' title='bbox 919 2082 987 2127; x_wconf 53' lang='lat' dir='ltr'>‚orac</span> <span class='ocrx_word' id='word_1_96' title='bbox 1060 2108 1066 2119; x_wconf 81' lang='grc'><strong><em>,</em></strong></span> 
     </span>
    </p>
   </div>
   <div class='ocr_carea' id='block_1_3' title="bbox 312 2161 1110 2425">
    <p class='ocr_par' dir='ltr' id='par_1_6' title="bbox 312 2161 1110 2425">
     <span class='ocr_line' id='line_1_16' title="bbox 312 2161 1110 2233; baseline -0.004 -16"><span class='ocrx_word' id='word_1_97' title='bbox 312 2166 451 2233; x_wconf 86' lang='lat' dir='ltr'>Explent,</span> <span class='ocrx_word' id='word_1_98' title='bbox 463 2161 658 2230; x_wconf 67' lang='lat' dir='ltr'>collectumque</span> <span class='ocrx_word' id='word_1_99' title='bbox 668 2165 725 2215; x_wconf 86' lang='lat' dir='ltr'>haec</span> <span class='ocrx_word' id='word_1_100' title='bbox 737 2162 792 2232; x_wconf 87' lang='lat' dir='ltr'>ipsa</span> <span class='ocrx_word' id='word_1_101' title='bbox 802 2166 833 2216; x_wconf 91' lang='lat' dir='ltr'>ad</span> <span class='ocrx_word' id='word_1_102' title='bbox 843 2180 953 2216; x_wconf 90' lang='lat' dir='ltr'>munera</span> <span class='ocrx_word' id='word_1_103' title='bbox 964 2165 1055 2233; x_wconf 81' lang='lat' dir='ltr'>gluten</span> <span class='ocrx_word' id='word_1_104' title='bbox 1073 2178 1110 2226; x_wconf 78' lang='lat'>4⁰</span> 
     </span>
     <span class='ocr_line' id='line_1_17' title="bbox 312 2256 1018 2327; baseline -0.007 -13"><span class='ocrx_word' id='word_1_105' title='bbox 312 2262 350 2315; x_wconf 87' lang='lat' dir='ltr'>Et</span> <span class='ocrx_word' id='word_1_106' title='bbox 368 2256 445 2313; x_wconf 84' lang='lat' dir='ltr'>visco</span> <span class='ocrx_word' id='word_1_107' title='bbox 463 2260 490 2311; x_wconf 78' lang='grc' dir='ltr'>δι</span> <span class='ocrx_word' id='word_1_108' title='bbox 506 2258 628 2327; x_wconf 84' lang='lat' dir='ltr'>Phrygiae</span> <span class='ocrx_word' id='word_1_109' title='bbox 646 2260 752 2310; x_wconf 84' lang='lat' dir='ltr'>servant</span> <span class='ocrx_word' id='word_1_110' title='bbox 767 2259 826 2326; x_wconf 88' lang='lat' dir='ltr'>pice</span> <span class='ocrx_word' id='word_1_111' title='bbox 840 2261 938 2312; x_wconf 86' lang='lat' dir='ltr'>lentius</span> <span class='ocrx_word' id='word_1_112' title='bbox 955 2261 1018 2312; x_wconf 79' lang='lat' dir='ltr'>idae.</span> 
     </span>
     <span class='ocr_line' id='line_1_18' title="bbox 313 2354 1038 2425; baseline -0.008 -13"><span class='ocrx_word' id='word_1_113' title='bbox 313 2356 396 2425; x_wconf 74' lang='lat' dir='ltr'>Saepc</span> <span class='ocrx_word' id='word_1_114' title='bbox 413 2356 492 2408; x_wconf 87' lang='lat' dir='ltr'>etiarn</span> <span class='ocrx_word' id='word_1_115' title='bbox 509 2354 607 2407; x_wconf 83' lang='lat' dir='ltr'>effossis</span> <span class='ocrx_word' id='word_1_116' title='bbox 624 2355 660 2421; x_wconf 86' lang='lat' dir='ltr'>(fi</span> <span class='ocrx_word' id='word_1_117' title='bbox 676 2372 740 2407; x_wconf 86' lang='lat' dir='ltr'>vera</span> <span class='ocrx_word' id='word_1_118' title='bbox 758 2356 794 2407; x_wconf 87' lang='lat' dir='ltr'>est</span> <span class='ocrx_word' id='word_1_119' title='bbox 811 2357 898 2422; x_wconf 82' lang='lat' dir='ltr'>fama)</span> <span class='ocrx_word' id='word_1_120' title='bbox 913 2355 1038 2414; x_wconf 86' lang='lat' dir='ltr'>latebris,</span> 
     </span>
    </p>
   </div>
   <div class='ocr_carea' id='block_1_4' title="bbox 313 2451 1111 3296">
    <p class='ocr_par' dir='ltr' id='par_1_7' title="bbox 314 2451 981 2519">
     <span class='ocr_line' id='line_1_19' title="bbox 314 2451 981 2519; baseline -0.009 -11"><span class='ocrx_word' id='word_1_121' title='bbox 314 2458 372 2508; x_wconf 86' lang='lat' dir='ltr'>Sub</span> <span class='ocrx_word' id='word_1_122' title='bbox 390 2454 460 2507; x_wconf 73' lang='lat' dir='ltr'>terri</span> <span class='ocrx_word' id='word_1_123' title='bbox 476 2452 567 2505; x_wconf 65' lang='lat' dir='ltr'>fodere</span> <span class='ocrx_word' id='word_1_124' title='bbox 581 2454 681 2514; x_wconf 87' lang='lat' dir='ltr'>larem,</span> <span class='ocrx_word' id='word_1_125' title='bbox 696 2451 854 2519; x_wconf 79' lang='lat' dir='ltr'>penitusque</span> <span class='ocrx_word' id='word_1_126' title='bbox 871 2465 981 2518; x_wconf 75' lang='lat' dir='ltr'>repertae</span> 
     </span>
    </p>

    <p class='ocr_par' dir='ltr' id='par_1_8' title="bbox 315 2550 1012 2620">
     <span class='ocr_line' id='line_1_20' title="bbox 315 2550 1012 2620; baseline -0.01 -14"><span class='ocrx_word' id='word_1_127' title='bbox 315 2552 525 2620; x_wconf 89' lang='lat' dir='ltr'>Pumicibusque</span> <span class='ocrx_word' id='word_1_128' title='bbox 541 2550 635 2615; x_wconf 83' lang='lat' dir='ltr'>cavis,</span> <span class='ocrx_word' id='word_1_129' title='bbox 651 2550 788 2618; x_wconf 79' lang='lat' dir='ltr'>exesaeque</span> <span class='ocrx_word' id='word_1_130' title='bbox 806 2550 908 2601; x_wconf 79' lang='lat' dir='ltr'>arboris</span> <span class='ocrx_word' id='word_1_131' title='bbox 924 2564 1012 2601; x_wconf 87' lang='lat' dir='ltr'>antro.</span> 
     </span>
    </p>

    <p class='ocr_par' dir='ltr' id='par_1_9' title="bbox 315 2646 1107 2712">
     <span class='ocr_line' id='line_1_21' title="bbox 315 2646 1107 2712; baseline -0.006 -10"><span class='ocrx_word' id='word_1_132' title='bbox 315 2651 360 2702; x_wconf 88' lang='lat' dir='ltr'>Tu</span> <span class='ocrx_word' id='word_1_133' title='bbox 378 2665 468 2712; x_wconf 84' lang='lat' dir='ltr'>tamen</span> <span class='ocrx_word' id='word_1_134' title='bbox 485 2666 500 2700; x_wconf 92' lang='lat' dir='ltr'>e</span> <span class='ocrx_word' id='word_1_135' title='bbox 515 2647 571 2699; x_wconf 86' lang='lat' dir='ltr'>levi</span> <span class='ocrx_word' id='word_1_136' title='bbox 588 2648 685 2700; x_wconf 85' lang='lat' dir='ltr'>rimosa</span> <span class='ocrx_word' id='word_1_137' title='bbox 703 2646 799 2700; x_wconf 86' lang='lat' dir='ltr'>cubilia</span> <span class='ocrx_word' id='word_1_138' title='bbox 817 2647 885 2698; x_wconf 84' lang='lat' dir='ltr'>limo</span> <span class='ocrx_word' id='word_1_139' title='bbox 1074 2657 1107 2710; x_wconf 82' lang='lat'>45</span> 
     </span>
    </p>

    <p class='ocr_par' dir='ltr' id='par_1_10' title="bbox 314 2740 1065 2813">
     <span class='ocr_line' id='line_1_22' title="bbox 314 2740 1065 2813; baseline -0.007 -17"><span class='ocrx_word' id='word_1_140' title='bbox 314 2746 398 2813; x_wconf 87' lang='lat' dir='ltr'>Unge</span> <span class='ocrx_word' id='word_1_141' title='bbox 407 2782 415 2806; x_wconf 84' lang='lat'>‚</span> <span class='ocrx_word' id='word_1_142' title='bbox 425 2744 522 2796; x_wconf 83' lang='lat' dir='ltr'>fovens</span> <span class='ocrx_word' id='word_1_143' title='bbox 534 2742 634 2795; x_wconf 77' lang='lat' dir='ltr'>circum</span> <span class='ocrx_word' id='word_1_144' title='bbox 644 2780 652 2805; x_wconf 91' lang='lat'>,</span> <span class='ocrx_word' id='word_1_145' title='bbox 662 2743 688 2793; x_wconf 83' lang='lat'>&amp;</span> <span class='ocrx_word' id='word_1_146' title='bbox 699 2760 768 2795; x_wconf 89' lang='lat' dir='ltr'>raras</span> <span class='ocrx_word' id='word_1_147' title='bbox 779 2740 937 2812; x_wconf 83' lang='lat' dir='ltr'>superinjice</span> <span class='ocrx_word' id='word_1_148' title='bbox 949 2742 1065 2794; x_wconf 76' lang='lat' dir='ltr'>frondes.</span> 
     </span>
    </p>

    <p class='ocr_par' dir='ltr' id='par_1_11' title="bbox 313 2840 1017 2910">
     <span class='ocr_line' id='line_1_23' title="bbox 313 2840 1017 2910; baseline -0.009 -14"><span class='ocrx_word' id='word_1_149' title='bbox 313 2844 377 2896; x_wconf 83' lang='lat' dir='ltr'>Neu</span> <span class='ocrx_word' id='word_1_150' title='bbox 392 2841 503 2910; x_wconf 75' lang='lat' dir='ltr'>propius</span> <span class='ocrx_word' id='word_1_151' title='bbox 520 2840 597 2893; x_wconf 72' lang='lat' dir='ltr'>tectis</span> <span class='ocrx_word' id='word_1_152' title='bbox 611 2857 702 2893; x_wconf 88' lang='lat' dir='ltr'>taxum</span> <span class='ocrx_word' id='word_1_153' title='bbox 718 2842 791 2901; x_wconf 66' lang='lat' dir='ltr'>finer</span> <span class='ocrx_word' id='word_1_154' title='bbox 806 2858 875 2892; x_wconf 89' lang='lat' dir='ltr'>neve</span> <span class='ocrx_word' id='word_1_155' title='bbox 893 2843 1017 2892; x_wconf 80' lang='lat' dir='ltr'>rubentes</span> 
     </span>
    </p>

    <p class='ocr_par' dir='ltr' id='par_1_12' title="bbox 315 2936 959 3004">
     <span class='ocr_line' id='line_1_24' title="bbox 315 2936 959 3004; baseline -0.009 -12"><span class='ocrx_word' id='word_1_156' title='bbox 315 2941 373 2993; x_wconf 86' lang='lat' dir='ltr'>Ure</span> <span class='ocrx_word' id='word_1_157' title='bbox 387 2940 451 2991; x_wconf 86' lang='lat' dir='ltr'>foco</span> <span class='ocrx_word' id='word_1_158' title='bbox 467 2953 576 2990; x_wconf 88' lang='lat' dir='ltr'>cancros</span> <span class='ocrx_word' id='word_1_159' title='bbox 593 2940 673 2997; x_wconf 84' lang='lat' dir='ltr'>;altae</span> <span class='ocrx_word' id='word_1_160' title='bbox 691 2955 744 2989; x_wconf 90' lang='lat' dir='ltr'>neu</span> <span class='ocrx_word' id='word_1_161' title='bbox 759 2939 835 2989; x_wconf 87' lang='lat' dir='ltr'>crede</span> <span class='ocrx_word' id='word_1_162' title='bbox 852 2936 959 3004; x_wconf 87' lang='lat' dir='ltr'>paludi,</span> 
     </span>
    </p>

    <p class='ocr_par' dir='ltr' id='par_1_13' title="bbox 315 3030 1066 3102">
     <span class='ocr_line' id='line_1_25' title="bbox 315 3030 1066 3102; baseline -0.008 -13"><span class='ocrx_word' id='word_1_163' title='bbox 315 3040 371 3089; x_wconf 77' lang='lat' dir='ltr'>Aut</span> <span class='ocrx_word' id='word_1_164' title='bbox 387 3034 432 3088; x_wconf 90' lang='lat' dir='ltr'>ubi</span> <span class='ocrx_word' id='word_1_165' title='bbox 448 3036 518 3087; x_wconf 91' lang='lat' dir='ltr'>odor</span> <span class='ocrx_word' id='word_1_166' title='bbox 533 3034 606 3087; x_wconf 87' lang='lat' dir='ltr'>coeni</span> <span class='ocrx_word' id='word_1_167' title='bbox 621 3034 727 3102; x_wconf 81' lang='lat' dir='ltr'>gravis,</span> <span class='ocrx_word' id='word_1_168' title='bbox 744 3048 789 3084; x_wconf 88' lang='lat' dir='ltr'>aut</span> <span class='ocrx_word' id='word_1_169' title='bbox 802 3034 846 3085; x_wconf 92' lang='lat' dir='ltr'>ubi</span> <span class='ocrx_word' id='word_1_170' title='bbox 860 3048 978 3099; x_wconf 88' lang='lat' dir='ltr'>concava</span> <span class='ocrx_word' id='word_1_171' title='bbox 990 3030 1066 3099; x_wconf 85' lang='lat' dir='ltr'>pulsu</span> 
     </span>
    </p>

    <p class='ocr_par' dir='ltr' id='par_1_14' title="bbox 317 3128 1111 3296">
     <span class='ocr_line' id='line_1_26' title="bbox 317 3128 1111 3199; baseline -0.006 -16"><span class='ocrx_word' id='word_1_172' title='bbox 317 3133 385 3183; x_wconf 83' lang='lat' dir='ltr'>Saxa</span> <span class='ocrx_word' id='word_1_173' title='bbox 399 3132 516 3193; x_wconf 85' lang='lat' dir='ltr'>sonant,</span> <span class='ocrx_word' id='word_1_174' title='bbox 529 3131 658 3199; x_wconf 87' lang='lat' dir='ltr'>vocisque</span> <span class='ocrx_word' id='word_1_175' title='bbox 674 3130 775 3184; x_wconf 83' lang='lat' dir='ltr'>offensa</span> <span class='ocrx_word' id='word_1_176' title='bbox 789 3130 896 3181; x_wconf 83' lang='lat' dir='ltr'>resultat</span> <span class='ocrx_word' id='word_1_177' title='bbox 910 3128 1010 3196; x_wconf 80' lang='lat' dir='ltr'>imago.</span> <span class='ocrx_word' id='word_1_178' title='bbox 1077 3144 1111 3191; x_wconf 85' lang='lat'>50</span> 
     </span>
     <span class='ocr_line' id='line_1_27' title="bbox 355 3222 1111 3296; baseline -0.011 -17"><span class='ocrx_word' id='word_1_179' title='bbox 355 3228 439 3293; x_wconf 85' lang='lat' dir='ltr'>Quod</span> <span class='ocrx_word' id='word_1_180' title='bbox 450 3226 583 3296; x_wconf 76' lang='lat' dir='ltr'>superest,</span> <span class='ocrx_word' id='word_1_181' title='bbox 597 3226 641 3278; x_wconf 91' lang='lat' dir='ltr'>ubi</span> <span class='ocrx_word' id='word_1_182' title='bbox 652 3228 753 3294; x_wconf 88' lang='lat' dir='ltr'>pulsam</span> <span class='ocrx_word' id='word_1_183' title='bbox 765 3226 880 3278; x_wconf 88' lang='lat' dir='ltr'>hiemem</span> <span class='ocrx_word' id='word_1_184' title='bbox 893 3225 939 3277; x_wconf 85' lang='lat' dir='ltr'>Sol</span> <span class='ocrx_word' id='word_1_185' title='bbox 950 3240 1045 3276; x_wconf 83' lang='lat' dir='ltr'>aureus</span> <span class='ocrx_word' id='word_1_186' title='bbox 1056 3222 1111 3293; x_wconf 84' lang='lat' dir='ltr'>egit</span> 
     </span>
    </p>
   </div>
   <div class='ocr_carea' id='block_1_5' title="bbox 317 3320 979 3481">
    <p class='ocr_par' dir='ltr' id='par_1_15' title="bbox 317 3320 979 3481">
     <span class='ocr_line' id='line_1_28' title="bbox 317 3320 979 3391; baseline -0.009 -15"><span class='ocrx_word' id='word_1_187' title='bbox 317 3323 369 3376; x_wconf 84' lang='lat' dir='ltr'>Sub</span> <span class='ocrx_word' id='word_1_188' title='bbox 387 3338 492 3388; x_wconf 87' lang='lat' dir='ltr'>terras,</span> <span class='ocrx_word' id='word_1_189' title='bbox 511 3324 664 3391; x_wconf 87' lang='lat' dir='ltr'>coelumque</span> <span class='ocrx_word' id='word_1_190' title='bbox 678 3321 769 3377; x_wconf 73' lang='lat' dir='ltr'>estiva</span> <span class='ocrx_word' id='word_1_191' title='bbox 785 3325 844 3375; x_wconf 87' lang='lat' dir='ltr'>luce</span> <span class='ocrx_word' id='word_1_192' title='bbox 859 3320 979 3373; x_wconf 84' lang='lat' dir='ltr'>reclufit:</span> 
     </span>
     <span class='ocr_line' id='line_1_29' title="bbox 888 3415 956 3481; baseline -0.015 -12"><span class='ocrx_word' id='word_1_193' title='bbox 888 3418 906 3469; x_wconf 79' lang='lat' dir='ltr'>F</span> <span class='ocrx_word' id='word_1_194' title='bbox 929 3415 956 3481; x_wconf 78' lang='lat' dir='ltr'>iii</span> 
     </span>
    </p>
   </div>
   <div class='ocr_carea' id='block_1_6' title="bbox 0 0 1434 4325">
    <p class='ocr_par' dir='ltr' id='par_1_16' title="bbox 0 0 1434 4325">
     <span class='ocr_line' id='line_1_30' title="bbox 0 0 1434 4325; baseline 0 0"><span class='ocrx_word' id='word_1_195' title='bbox 0 0 1434 4325; x_wconf 95' lang='lat' dir='ltr'> </span> 
     </span>
    </p>
   </div>
  </div>
 </body>
</html>
