2859 4325
379 646 456 723 180
557 640 910 726 ,AErrrrnoo

372 802 445 872 Ergo
459 799 548 864 omnis
565 804 650 872 longo
666 801 750 854 solvit
768 803 794 855 se
809 801 921 856 Teucria
938 798 1032 856 ludu:

373 897 524 952 Panduntur
540 913 642 969 porra:
657 897 734 964 juvat
749 897 809 963 ire,
826 899 853 952 δι
868 898 970 951 Dorica
987 898 1087 965 castra,'

373 996 552 1066 Deserrosque
566 995 657 1049 videte
672 999 768 1062 locos,
784 996 909 1066 littusque
923 996 1061 1052 relidunt.

375 1095 573 1162 HicDolopunr
579 1093 826 1158 maturaremus
832 1094 955 1146 tendebat
962 1094 1114 1148 Achilleae·

332 1205 367 1259 30
378 1188 501 1242 Claffibur
510 1191 554 1243 hic
567 1192 644 1244 iocus
656 1209 664 1243 ι
677 1191 721 1243 hic
732 1189 802 1243 acies
815 1189 1061 1244 certarerolebant.

376 1286 440 1340 Pars
448 1284 534 1354 stupet
543 1285 663 1356 innuptae
676 1289 778 1343 donum
788 1285 897 1338 exitiale
907 1284 1060 1348 Minerva,

376 1383 410 1434 Et
417 1384 518 1436 molem
527 1383 657 1437 mirantur
666 1383 729 1452 equi
740 1402 748 1436 :
760 1383 913 1451 primusque
922 1382 1104 1450 Thymoetes·

376 1481 451 1535 Duci
465 1481 534 1536 intra
550 1499 641 1535 muros
657 1483 797 1545 hortatur,
813 1483 839 1534 dr
855 1497 916 1534 arce
929 1480 1014 1533 locari
1026 1499 1050 1541 ς·

376 1576 443 1631 Sive
460 1580 542 1644 dolo,
559 1580 606 1632 seu
618 1578 671 1645 jam
690 1578 779 1643 Troia
796 1578 830 1630 fic
846 1578 899 1630 fata
915 1577 1045 1637 ferebant.

336 1684 368 1741 35
381 1673 416 1726 At
430 1678 540 1746 Capys,
556 1677 581 1728 dc
597 1693 711 1745 quorum
726 1676 823 1729 melior
836 1674 967 1729 sententia
982 1674 1089 1740 menti,

378 1771 433 1824 Aut
447 1775 541 1841 pelago
555 1773 676 1825 Danaum
693 1772 799 1825 infidias
818 1771 987 1840 suspectaque
1006 1773 1079 1824 dona

379 1868 547 1937 Praecipitare
560 1868 668 1933 iubent.
684 1867 859 1940 subjed’tisque
876 1884 952 1921 urere
968 1867 1109 1929 flammiot

379 1967 435 2019 Aut
449 1969 579 2020 terebrare
593 1984 671 2021 cavas
688 1967 776 2026 uteri,
793 1967 819 2021 δι
838 1981 939 2020 tentare
953 1967 1082 2022 latebras.

379 2063 514 2116 Scinditur
528 2063 660 2117 incertum
674 2063 756 2116 studia
773 2063 801 2116 in
819 2067 952 2118 contraria
969 2067 1081 2134 vulgus.

337 2177 373 2227 4ο
409 2159 1130 2233 ‘Primusibianteornnes,magndcomitantecaterv1‚

381 2257 512 2310 Laocoon
528 2258 621 2309 ardens
637 2258 739 2311 summa
756 2259 870 2311 decurrit
886 2260 916 2311 ab
934 2276 1013 2311 arce:

381 2355 414 2407 Et
426 2358 535 2423 procul:
547 2356 573 2407 O
586 2355 693 2416 miseri,
707 2373 765 2425 quae
777 2369 848 2407 tanta
860 2355 978 2418 insania,
991 2355 1090 2410 cives?

381 2453 497 2506 Creditis
513 2454 622 2506 avedos
641 2453 748 2505 hostes?
768 2468 812 2505 aur
828 2455 881 2504 ulla
900 2452 998 2519 putatis

381 2553 463 2604 Dona
479 2568 567 2604 catere
581 2550 652 2602 dolis
664 2547 806 2601 Danaum?
821 2548 856 2600 fic
871 2564 951 2601 notus
971 2548 1077 2618 Ulyffes
1090 2551 1111 2605 ἔ

337 2666 371 2716 45
384 2649 436 2699 Aut
450 2649 503 2700 hoc
522 2647 613 2698 inclufi
628 2647 703 2717 ligno
721 2649 888 2698 occultantur
902 2644 1001 2697 Achivi
1013 2664 1021 2704 3

380 2743 435 2796 Aut
443 2744 499 2795 haec
509 2742 538 2795 in
549 2742 651 2796 nostros
661 2741 786 2797 fabricata
796 2741 833 2794 est
843 2738 963 2793 machina
974 2755 1069 2793 muros
1080 2776 1091 2799 .
1106 2721 1110 2726 ⁴

380 2840 531 2909 inspeciura
546 2841 662 2904 domos,
680 2855 846 2907 venturaque
863 2835 971 2901 desuper
989 2834 1072 2897 urbi;

381 2940 435 2991 Aut
448 2937 543 3007 aliquis
555 2940 620 2991 latet
634 2956 724 2992 error:
740 2955 808 3005 equo
823 2952 856 2987 ne
871 2933 988 2995 credite,
1003 2932 1115 2989 Teucri.

382 3035 518 3102 Quidquid
527 3033 612 3093 idest,
624 3034 708 3087 timeo
722 3033 865 3087 Danaos&
877 3034 946 3083 dona
957 3031 1085 3086 ferentes.
1101 3042 1104 3048 '

342 3149 377 3197 50
388 3130 430 3183 Sic
444 3132 530 3195 fatus,
543 3130 637 3201 validis
653 3130 785 3200 ingentem
802 3129 903 3181 vitibus
921 3127 1017 3180 hastam

383 3226 493 3278 inlatus
508 3226 587 3294 inque
605 3225 654 3278 feri
671 3243 779 3278 curvam
797 3224 970 3291 compagibus
987 3224 1080 3276 alvum

384 3322 529 3378 Contotfit.
542 3323 620 3377 Stetit
629 3323 675 3376 illa
683 3339 799 3377 tremens
810 3336 956 3390 ‚uteroque
968 3320 1090 3387 recuss‘o,
