2859 4325
1081 541 1085 549 r

372 800 425 881 ³²
554 768 926 858 BuconrcA.

370 931 528 1004 Sanguineis
545 935 662 989 frontem
680 935 766 991 morit
778 915 811 990 νδι
826 952 947 1007 tempora
964 935 1065 1008 pingit·
1085 923 1088 927 ’

348 1038 351 1045 ’
369 1032 419 1085 Ille
429 1034 520 1085 dolum
533 1031 640 1098 ridens,
656 1032 720 1100 Quo
732 1017 841 1087 uincula
857 1033 964 1088 nectitis
977 1037 988 1088 ἓ
1001 1033 1102 1106 inquit.

371 1128 477 1183 Solvite
491 1145 552 1193 me,
567 1130 643 1198 pueri
658 1147 667 1190 3
682 1128 745 1182 satis
761 1129 798 1185 est
811 1129 927 1199 potuisse
943 1129 1042 1186 videri.

327 1221 360 1274 25
372 1227 511 1288 Carmina,
523 1245 582 1298 quae
592 1227 692 1296 vultis,
704 1228 875 1299 cognoscito,
885 1227 1002 1283 carmina
1012 1228 1111 1296 vobis,

370 1324 441 1377 Huic
458 1322 530 1376 aliud
545 1322 676 1377 mercedis
691 1323 765 1378 erit:
782 1323 859 1398 fimul
878 1323 975 1394 incipit
990 1323 1070 1396 ipse.-

315 1485 321 1491 .
370 1423 442 1476 Tum
453 1418 521 1475 verti
533 1420 562 1475 in
573 1421 871 1490 numerumFaunosque
883 1421 1004 1491 ferasque
1015 1421 1122 1477 videres

370 1518 493 1584 Ludere,
511 1535 569 1572 tum
586 1517 684 1588 rigidas
701 1532 805 1572 motare
822 1517 961 1574 cacumina
977 1528 1104 1588 quereum

371 1618 430 1670 Nec
445 1617 547 1671 tantitm
564 1615 666 1669 Phoebo
683 1617 778 1685 gaudet
796 1615 925 1670 Parnallia
941 1633 1041 1686 rupert

327 1717 364 1772 3ο
373 1716 431 1770 Nec
441 1714 545 1769 tannim
554 1715 686 1784 Rhodope
697 1713 827 1767 mirantur
836 1715 863 1768 ἀ
874 1715 988 1768 Ismarus
1000 1714 1122 1785 Orphea.

409 1815 532 1884 Namque
543 1815 667 1876 canebat,
677 1813 719 1868 uti
728 1830 853 1884 magnum
864 1812 1003 1883 perinane
1014 1813 1106 1869 coa&

371 1910 484 1965 Semina
494 1926 676 1982 terrarumque
687 1909 836 1980 animaque
850 1909 982 1980 marisque
994 1911 1103 1967 fuiffeot
1115 1951 1124 1979 ,

373 2009 408 2063 Et
423 2008 521 2081 liquidi
533 2009 610 2064 slmlll
626 2009 698 2080 ignis
712 2027 722 2070 3
740 2020 770 2062 ut
785 2008 828 2062 his
844 2007 955 2063 exordia
973 2009 1069 2079 primis

375 2105 493 2170 Omnia,
508 2109 535 2162 δι
550 2107 607 2177 ipse
619 2122 695 2163 tener
708 2106 801 2162 mundi
816 2107 986 2162 concreverit
1003 2108 1097 2171 orbita

332 2210 365 2265 35
377 2206 448 2257 Tum
463 2207 557 2259 durare
572 2206 659 2259 solum
669 2239 679 2270 ,v
692 2206 719 2259 δι
735 2204 880 2260 discludere
897 2206 984 2260 Nerea
1002 2219 1089 2276 ponto

371 2300 518 2372 (Ioeperit,
533 2302 561 2355 ot
577 2319 666 2355 rerum
682 2304 811 2372 paulatim
828 2303 932 2357 sumere
948 2304 1069 2366 formast

375 2400 488 2470 Jamque
502 2415 605 2455 novum
622 2414 698 2454 terrae
710 2401 829 2471 stupeant
843 2402 975 2455 lucescere
991 2404 1084 2456 Solem
1092 2410 1104 2466 ,’

375 2497 464 2553 Altitis
479 2513 558 2570 atque
574 2499 667 2553 cadant
680 2498 812 2555 submotis
828 2497 941 2553 nubibus
956 2500 1072 2558 imbres:

376 2596 509 2668 incipiant
522 2598 596 2651 filvae
611 2597 672 2651 citm
689 2595 805 2666 prinnina
821 2596 942 2667 surgere,
955 2596 1070 2667 cumque

332 2694 444 2761 quara
459 2712 508 2766 per
523 2696 633 2766 ignotos
650 2708 739 2748 errent
754 2691 879 2748 animalia
896 2708 1015 2749 montes.

376 2793 449 2848 Hinc
464 2792 564 2861 lapides
579 2792 685 2862 Pyrrhae
701 2789 803 2857 iaiios,
821 2789 943 2844 Saturnia
959 2809 1061 2863 regna,

376 2870 564 2960 Caucasiasque
572 2889 652 2942 refert
661 2890 796 2953 volucres,
804 2889 954 2958 furtumque
960 2887 1124 2945 Promethei.

377 2988 429 3042 His
442 2985 579 3059 adjungit,
594 2987 686 3058 Hylan
699 3001 787 3040 nautae
802 3003 857 3057 quo
872 2986 947 3039 fonte
963 2984 1088 3039 reliilum

379 3087 553 3152 Clamaffent,
564 3101 594 3140 ut
602 3085 691 3146 littus,
703 3086 793 3156 Hyla,
806 3086 896 3155 Hyla,
909 3099 989 3138 omne
1001 3084 1127 3148 sonarett

334 3206 366 3257 45
381 3187 413 3238 Et
426 3186 604 3251 fortunatam,
616 3184 636 3237 fi
649 3196 794 3253 numquam
808 3196 926 3236 armenta
936 3180 1061 3248 initient,

380 3282 524 3352 Pasrphae‘o
539 3280 615 3335 nivei
628 3280 727 3335 solatur
741 3295 832 3334 amore
846 3276 965 3345 iuvenci.

381 3382 445 3435 Ah!
463 3380 542 3451 virgo
556 3379 671 3443 infelix,
687 3395 746 3448 quae
761 3392 788 3431 te
803 3376 937 3431 dementia
954 3376 1043 3447 cepitl

382 3477 513 3535 Proetides
530 3477 676 3549 implerunt
690 3476 760 3535 tame
774 3474 922 3549 mugitibus
937 3491 1033 3549 agros:
