2859 4325
525 668 579 715 tn
619 648 881 716 Buconica.
1000 653 1057 725 μί

374 754 412 807 Tu
420 757 527 819 majores
536 792 545 819 ,
556 755 599 808 tihi
609 764 644 807 me
654 753 685 818 'est
694 760 783 822 equum
788 766 886 819 parete,
896 746 1009 798 Menalca
1018 767 1027 807 ς

337 837 506 886 convenienter
529 849 580 885 non
601 835 678 901 'potest
702 837 758 882 euni
788 829 881 895 alloqui
905 824 951 874 hic
975 840 1035 875 voce
1050 833 1065 871 t

332 915 393 978 μετ’
401 931 412 970 ,·
428 928 472 961 nec
488 913 525 963 illi
536 949 545 975 ,
557 909 716 979 aliquomodo
733 907 853 959 stleutium
864 909 1006 972 imponere:
1021 903 1061 951 de·

329 987 382 1050 fine
400 991 479 1054 plura.
504 995 542 1041 Sic
564 996 651 1041 iterum
675 989 822 1047 Menalcae,
844 985 908 1035 infra
931 983 976 1048 (v.
994 978 1058 1046 450)
1110 1013 1114 1026 ·

335 1065 452 1131 Mopsum
467 1063 603 1132 interpellat
619 1057 656 1118 ltin
667 1066 746 1118 verbis
759 1073 767 1113 ὲ
778 1063 899 1126 fertum
910 1069 976 1126 puer.
1057 1087 1060 1103 ι

371 1160 409 1204 37.
425 1143 520 1192 Stcriies
535 1143 659 1206 nuscuntur
674 1159 760 1191 avenae.
780 1143 818 1189 Sit
834 1139 922 1188 habent
939 1137 961 1186 A
976 1139 1002 1186 u
1018 1133 1058 1194 B.

335 1223 361 1268 dc
377 1221 522 1284 antiquiores
541 1217 614 1269 codd.
628 1217 676 1268 feti
692 1233 785 1266 omnes.
803 1215 898 1264 Habent
913 1213 1060 1263 dominantur?

334 1295 419 1360 vulgg.
438 1287 500 1344 edd.'
514 1303 541 1345 ut
558 1296 631 1346 exstat
647 1292 746 1361 quidem
765 1293 854 1356 Georg.
871 1289 891 1338 1.
906 1305 960 1352 ¹54⁵
1051 1306 1058 1333 .-

366 1391 408 1435 40.
426 1375 529 1424 inducite
541 1374 649 1438 fontibus
664 1371 766 1423 umbrati
784 1373 822 1422 Sic
837 1370 910 1420 habet
925 1365 981 1419 cod.
1001 1365 1055 1416 Me·

333 1448 384 1501 dic.
404 1455 429 1500 δι
446 1456 525 1499 tuetur
541 1451 593 1501 Ecl.
611 1451 654 1502 lx.
671 1463 711 1499 to.

399 1525 449 1576 Aut
466 1527 539 1576 viridi
551 1529 630 1589 fontes
647 1529 759 1577 induceret
775 1523 862 1574 ambiit

328 1600 452 1665 frondibus
470 1603 557 1668 legitur
574 1607 600 1654 in
616 1604 645 1655 13.
670 1607 694 1654 dt
712 1600 768 1653 cod.
787 1602 846 1667 Reg.
868 1599 908 1650 xit
928 1616 947 1648 s.
962 1609 999 1648 'nn¹
1018 1612 1057 1664 pta

332 1693 359 1728 at
372 1680 418 1726 sec.
433 1676 550 1740 fontibus.

365 1768 394 1819 ες
628 1757 669 1806 En
681 1771 781 1822 quatuor
792 1763 864 1805 eiras:
1052 1786 1056 1793 ·

330 1836 392 1884 Ecce
412 1835 497 1897 duas,
519 1835 560 1885 tibi
571 1869 582 1890 ,
602 1837 701 1900 Daphni
711 1870 721 1890 .
740 1837 828 1902 duoque
849 1832 937 1883 altaria
957 1831 1054 1882 Prata.

330 1911 379 1962 llic
398 1912 503 1962 multllm
515 1911 678 1979 impediuntur
696 1917 722 1963 dc
739 1915 829 1963 haerent
845 1911 941 1962 Critlti.
960 1912 998 1960 Sic
1015 1925 1053 1960 ta·

330 2007 387 2039 men
404 1991 491 2057 legitur
506 1995 532 2041 in
547 1989 603 2041 cod.
620 1988 711 2040 Medic.
729 1994 754 2040 &
770 1994 796 2039 in
811 1988 867 2040 cod.
887 1991 946 2056 Reg.
969 1985 1011 2038 X¹.
1031 2005 1051 2039 r·

327 2067 362 2118 At
379 2103 387 2128 ‚
406 2071 432 2118 in
450 2071 470 2118 A
488 2069 574 2135 legitur
591 2069 718 2136 duasque:
739 2069 826 2119 altaria
849 2066 943 2118 Plotio.
963 2065 1051 2134 (Nota

328 2142 388 2194 beni
405 2147 467 2195 hanc
485 2148 700 2213 interpunctionem
712 2147 734 2215 l.
749 2147 768 2197 Β
785 2146 844 2213 legit
861 2144 990 2202 similiter,
1009 2141 1050 2194 scd

326 2220 376 2270 fine
392 2221 515 2272 divisione.
536 2224 666 2288 Denique,
685 2224 720 2271 1).
737 2224 841 2285 Heyne,
859 2239 915 2272 cum
930 2220 1050 2283 Heinsio,

327 2296 387 2362 legit
406 2298 465 2347 duas
485 2298 597 2358 altaria,
617 2297 792 2348 demti‘etiam
811 2302 977 2364 conjunctione
996 2316 1048 2364 que.

326 2374 355 2425 ln
371 2373 437 2439 tanti
449 2374 583 2424 Dostorum
598 2377 661 2424 inter
674 2375 698 2422 se
712 2374 859 2429 lunatione,
873 2372 932 2440 quld
946 2375 1049 2423 statuen-

326 2450 387 2502 dum
403 2456 412 2502 i
431 2452 522 2508 Certi,
540 2450 590 2503 duo
607 2450 680 2503 codd.
695 2450 751 2501 mss.
767 2470 828 2519 quos
842 2453 978 2519 sequinlur,
994 2454 1049 2502 sunt

324 2530 465 2596 gravissima
478 2531 622 2579 auctoritatis
633 2546 640 2577 t
652 2544 677 2578 at
691 2528 726 2578 D.
741 2528 824 2592 Heyne
841 2534 866 2579 δι
880 2545 940 2596 quos
956 2530 1048 2579 secutus

325 2606 359 2656 est
367 2625 377 2662 ,·
394 2603 447 2655 duat
462 2608 535 2655 etiam
550 2605 635 2655 nostre
650 2602 786 2667 editiones,
804 2610 829 2655 δε
846 2601 945 2673 quidem
964 2618 1048 2671 petan-

323 2687 397 2751 tiquae
413 2720 422 2744 ‚
440 2686 495 2734 sunt
516 2700 613 2750 quoque
634 2686 716 2751 magni
732 2684 852 2752 ponderis.
870 2687 945 2751 Atqui
966 2698 1051 2749 tamen,

323 2758 448 2809 fatendum
466 2758 517 2819 est,
534 2760 579 2808 duo
595 2776 645 2810 non
662 2761 722 2809 bene
737 2761 821 2810 sociari
837 2759 893 2809 cum
909 2760 991 2808 duat:
1008 2758 1046 2808 vl·

322 2830 393 2882 detur
413 2835 477 2880 euim
498 2831 539 2880 hic
561 2847 673 2880 numerus
694 2846 794 2897 quatuor
812 2829 897 2879 debere
919 2826 996 2878 dividi
1018 2830 1045 2878 in

321 2912 389 2960 binas
413 2922 489 2973 partes
510 2906 624 2956 fimileat
648 2924 676 2955 ex
697 2905 745 2956 alid
764 2922 830 2971 parte
846 2940 856 2967 ,
875 2906 935 2955 duas
956 2905 1045 2955 altaria

320 2983 421 3037 minimi
437 2980 593 3033 concordant.
609 2980 686 3031 Porri>
697 3001 703 3031 ε
716 2981 834 3048 perspcdld
849 2978 965 3033 divisione
975 2983 1043 3048 supe·

319 3062 368 3114 ritis
385 3059 468 3110 notati
481 3060 506 3107 in
520 3056 559 3107 ed.
575 3058 615 3113 Α,
632 3060 679 3109 hoc
693 3060 826 3109 succurrit:
840 3057 945 3114 scilicet,
960 3058 1043 3109 volue-

321 3143 353 3191 'rit
369 3140 442 3188 Poeta
461 3133 560 3201 aliquod
576 3135 653 3185 facere
669 3134 797 3185 discrimen
813 3138 874 3185 inter
889 3151 945 3185 aras
961 3138 986 3185 δε
1004 3136 1042 3185 al·

319 3218 404 3274 taria3
422 3217 497 3264 itaut
513 3228 555 3261 ara
573 3212 735 3278 generaliter,
751 3214 856 3263 sumatur
870 3228 915 3277 pro
932 3212 1042 3279 quolibet

318 3294 434 3349 cumulo,
446 3292 483 3345 vel
499 3309 528 3342 ex
542 3291 643 3360 simplici
656 3295 764 3359 granrine
776 3328 784 3355 ‚
796 3292 925 3343 Divinitati
939 3291 1039 3341 exstrue·

829 3379 893 3451 l'iij
