2859 4325
475 598 717 683 Lrnrn
776 597 868 684 IV.
965 613 1040 714 263

297 759 487 831 Diripientque
506 778 575 816 rates
594 761 639 814 alii
657 761 823 815 navalibus?
841 763 898 829 ite,

298 861 375 913 Ferre
392 860 437 912 ciri
453 861 591 921 flammas,
607 862 667 912 date
683 863 763 924 vela,
778 859 909 927 impellite
926 879 1025 918 remos.

301 953 1095 1025 Quidloquoriautubisumiquaementeminsaniamutat?

300 1047 397 1102 infelix
413 1053 484 1105 Dido
500 1057 506 1107 !
523 1069 595 1104 nunc
613 1069 639 1104 te
654 1051 720 1104 facia
738 1053 820 1119 impia
839 1057 967 1123 tangunt?
1044 1055 1097 1122 596

301 1144 372 1198 Tum
380 1146 468 1198 decuit
477 1183 482 1204 .
492 1147 552 1201 cuim
562 1148 662 1214 sceptra
672 1147 763 1199 dabas:
774 1148 813 1199 En
822 1150 912 1201 dextra
922 1148 1052 1221 fidesque!

301 1242 391 1307 Quem
409 1241 496 1292 secum
513 1240 615 1309 patrios
632 1240 707 1292 aiunt
724 1256 829 1308 portare
848 1242 976 1299 Penates:

303 1337 394 1401 Quem
405 1335 509 1388 subiiffe
519 1337 636 1389 humeris
646 1336 796 1388 confecium
807 1353 882 1390 aetate
893 1355 1028 1406 parentem
1039 1345 1046 1396 Ξ

303 1431 366 1483 Non
378 1432 454 1498 potui
465 1434 601 1500 abreptum
610 1433 738 1484 divellere
750 1449 866 1502 corpus,
880 1435 905 1486 ἂ
916 1435 993 1503 undis
1043 1437 1098 1492 600

306 1529 434 1597 Spargere
446 1531 456 1581 ἔ
470 1545 525 1580 non
536 1528 623 1580 socios
635 1565 643 1588 ‚
654 1544 710 1580 uon
723 1528 807 1597 ipsum
819 1530 953 1582 absumere
964 1531 1034 1584 ferro

306 1624 448 1678 Ascanium
459 1624 620 1693 ,patriisque
631 1625 790 1693 epulandum
802 1641 937 1694 apponere
947 1627 1040 1678 mensis
1051 1628 1063 1684 ξ
1093 1631 1095 1636 ’

307 1720 411 1772 Verum
426 1738 521 1789 anceps
537 1739 630 1790 pugnae
646 1722 730 1773 fuerat
750 1721 863 1774 fortuna.
883 1720 998 1782 Fuissetc
1057 1704 1060 1709 ’

310 1820 400 1884 Quem
411 1818 494 1870 metui
506 1819 637 1871 moritura
649 1820 659 1870 i
671 1818 742 1869 faces
754 1816 783 1867 in
795 1817 873 1869 eastra
885 1817 1016 1884 tuliffem,

310 1899 512 1984 impte'ffemque
523 1915 597 1965 fotos
606 1912 733 1972 flammis,
743 1928 887 1982 natumque
896 1915 1084 1984 patremque6o
1088 1932 1102 1983 5

278 2029 282 2037 ·
312 2013 382 2065 Cum
390 2029 485 2082 genere
496 2010 660 2072 castinum,
671 2023 771 2062 memet
782 2009 858 2078 super
868 2009 924 2084 ipsa
934 2011 1067 2071 dedissent.

312 2111 377 2174 Sol,
389 2109 435 2180 qui
447 2125 573 2164 tertarum
582 2108 697 2162 flammis
708 2123 789 2177 opera
799 2107 890 2159 omnia
898 2108 988 2163 lustras
1000 2150 1008 2176 ‚

313 2206 409 2276 Tuque
425 2210 518 2260 harum
533 2208 663 2276 interpres
680 2223 803 2259 curarum
822 2206 848 2257 &
863 2205 967 2259 conscia
982 2209 995 2261 J
1000 2224 1072 2271 uuo,

316 2303 512 2372 Noilurnisque
528 2303 625 2356 Hecate
644 2302 733 2356 triviis
751 2303 850 2361 ululata
868 2318 915 2368 per
932 2306 1028 2369 urbes,

316 2401 349 2452 Et
366 2399 439 2451 Dirae
456 2399 563 2453 ultrices
576 2437 583 2463 ,
595 2399 622 2450 δι
639 2399 676 2449 Di
693 2396 833 2448 morientis
849 2396 943 2460 Elisa,
1052 2402 1107 2457 610

317 2496 439 2564 Accipite
448 2498 503 2549 haec
512 2533 521 2557 ,
531 2496 709 2563 meritumque
721 2490 797 2551 malis
806 2491 937 2546 advertite
949 2510 1063 2559 numen.

317 2593 352 2644 Et
364 2592 463 2645 nostras
476 2591 564 2644 audite
582 2606 681 2659 preces.
696 2588 725 2641 Si
740 2602 847 2656 tangere
864 2603 958 2655 portus

319 2688 458 2741 Infandum
473 2703 569 2755 caput,
587 2704 618 2740 ac
636 2685 714 2740 terris
730 2687 825 2737 adnare
844 2683 945 2747 neceiic
962 2686 1015 2748 ess3

320 2783 354 2835 Et
369 2781 403 2833 stc
416 2782 468 2835 fata
483 2783 560 2837 Jovis
575 2784 706 2851 poscunt,
720 2781 764 2832 hic
781 2779 908 2833 terminus
924 2782 1020 2836 haret:

321 2879 357 2931 At
374 2877 445 2930 hello
460 2877 565 2930 audacis
582 2876 676 2945 populi
691 2889 804 2927 vexatus
822 2874 848 2925 δι
865 2872 964 2935 armis.
1056 2878 1108 2947 615

322 2974 430 3030 Finibus
445 2972 561 3025 extorris
575 3010 583 3035 ‚
598 2972 743 3038 complexu
758 2967 865 3021 avulsus
879 2967 952 3027 liiii,

322 3070 463 3123 Auxilium
481 3068 627 3137 imploret,
643 3067 785 3137 videatque
802 3064 909 3134 indigna
923 3061 1046 3125 suorum

325 3168 426 3220 funera
442 3187 449 3221 :
467 3184 516 3221 uec
534 3166 596 3221 etim
613 3167 640 3221 se
658 3168 704 3219 sub
722 3167 794 3235 leges
812 3161 885 3232 pacis
904 3162 1003 3233 iniquae

323 3263 490 3333 Indidem,
507 3281 591 3348 regno
607 3279 652 3329 aut
667 3262 760 3345 optati
775 3264 834 3326 luce
850 3262 968 3328 {tutaturi
