2859 4325
436 612 689 698 Lrann
749 599 839 689 IV.
929 569 1004 721 243

265 778 454 851 Qualiataeque
467 788 555 834 retest
569 773 632 826 dum
646 783 704 820 non
722 765 856 820 tractabile
872 770 982 824 coelum.

309 877 359 929 His
368 873 443 928 diuis
451 870 587 925 incensum
596 865 714 919 animum
726 863 903 918 inflammavit
912 884 1016 934 amore,

269 961 967 1042 Spemquededitdubiaementi,solvitquepudotem
1025 950 1058 1035 ¹55

269 1064 409 1135 Principii)
426 1064 532 1117 delubra
546 1061 660 1119 adeunt,
676 1073 820 1126 pacemque
835 1077 884 1128 per
899 1078 957 1115 aras

269 1163 441 1233 Exquirunt:
459 1156 573 1209 masiant
587 1154 668 1206 ledtas
684 1155 716 1204 de
735 1170 810 1206 more
826 1153 946 1211 bidentes

273 1259 404 1328 Legiserae
422 1252 534 1315 cereri,
550 1241 724 1318 Phoeboque,
739 1250 861 1320 patrique
877 1256 978 1324 Lyao,

275 1352 380 1410 Junoni
396 1364 458 1402 ante
473 1364 586 1405 omnes,
603 1346 647 1398 cui
664 1345 754 1398 vincla
768 1344 865 1415 iugalia
880 1366 959 1405 curae.

276 1450 352 1518 ipsa,
360 1463 452 1499 tenens
461 1443 553 1497 dextri
563 1458 696 1512 pateram,
707 1443 885 1512 pulcherrima
892 1445 980 1514 Dido,
1034 1453 1069 1505 60

279 1542 427 1598 Candentis
443 1557 533 1594 vacce
548 1539 635 1593 media
651 1539 722 1593 inter
738 1555 839 1593 cornua
853 1541 956 1595 sundit:

281 1645 337 1696 Aut
351 1656 413 1694 ante
428 1657 475 1693 ora
490 1639 578 1692 Derim
595 1638 709 1709 pingues
725 1637 852 1706 spatiatur
866 1640 898 1692 ad
913 1656 986 1704 aras,

279 1738 461 1806 instauratque
475 1737 545 1789 diem
561 1736 658 1794 donis,
671 1735 855 1804 pecudumque
866 1737 976 1790 reclusis

282 1835 438 1889 tenoribus
453 1834 577 1896 inhians,
591 1830 718 1900 spirantia
733 1831 848 1885 consulit
861 1848 932 1888 exta.

285 1936 348 1988 Heu
358 1946 451 1984 vatum
462 1931 559 2000 ignarae
569 1945 671 1981 mentes
681 1933 688 1983 !
697 1918 761 1998 quid
769 1943 834 1983 vota
844 1931 973 1985 furentem
983 1973 991 1998 ‚
1042 1937 1074 2004 65

285 2028 361 2096 Quid
372 2028 479 2080 delubra
490 2026 583 2091 iuvant
593 2029 604 2080 ἓ
616 2026 658 2078 Est
669 2026 760 2079 mollis
768 2027 876 2083 flamma
887 2033 1014 2086 medullas

285 2126 408 2187 Interea,
423 2124 449 2178 δι
463 2123 573 2177 tacitum
588 2122 660 2177 vivit
670 2124 721 2178 'sub
738 2123 845 2195 pestere
862 2131 971 2187 vulnus.

287 2197 383 2277 ⁸Uritur
399 2221 494 2274 infelix
511 2221 584 2272 Dido
600 2255 607 2280 ‚
624 2220 736 2290 totique
752 2236 863 2293 vagatur

290 2322 364 2374 Urbe
376 2320 483 2371 furens:
499 2317 583 2387 qualis
602 2317 723 2383 eonjedii
741 2335 820 2371 cerva
834 2320 945 2391 sagitta,

292 2417 380 2481 Quam
390 2414 483 2482 procul
493 2414 625 2466 incautam
637 2427 747 2463 nemora
758 2412 829 2465 inter
841 2414 936 2468 Creffia
948 2415 1010 2471 fixit
1046 2436 1083 2485 70

291 2510 383 2565 Pastor
395 2525 475 2579 agens
489 2507 567 2569 telis,
584 2506 718 2575 liquitque
734 2508 847 2562 volatile
861 2510 960 2566 serrum

293 2604 407 2660 Nescius
421 2621 430 2663 ;
444 2603 489 2656 illa
504 2600 568 2672 sugd
582 2602 659 2655 silvas
676 2603 810 2673 saltusque
827 2621 948 2677 peragrat

295 2701 437 2761 niueo„
453 2702 535 2754 haetet
551 2699 627 2753 lateri
641 2700 746 2754 lethalis
764 2705 875 2757 arundo.

297 2800 377 2852 Nunc
392 2797 478 2849 media
493 2796 595 2849 AEnean
613 2796 702 2849 seeum
718 2812 766 2863 per
781 2797 883 2851 moenia
898 2798 989 2863 ducit,
1012 2813 1015 2818 ¹

297 2892 473 2961 Sidoniasque
484 2890 596 2944 ostentat
607 2906 689 2958 opes,
699 2891 845 2960 urbemque
855 2908 971 2960 paratam
983 2914 992 2957 ς
1049 2914 1083 2969 75

298 2988 398 3056 Incipit
413 2985 505 3049 effari,
522 2986 660 3055 mediaque
677 2986 706 3038 in
724 3003 793 3041 voce
810 2988 911 3043 refiliit.

299 3090 378 3142 Nunc
392 3085 499 3146 eadem,
514 3083 616 3135 labente
631 3081 693 3143 die,
707 3084 835 3139 convivia
850 3086 961 3157 quatit,

301 3181 447 3250 iliacosque
465 3178 561 3232 iterum
576 3180 684 3234 demens
699 3181 787 3234 audire
804 3182 907 3236 labores

302 3276 445 3347 Exponit,
458 3278 608 3347 pendetque
623 3276 720 3334 iterum
735 3278 864 3333 narrantis
880 3280 912 3331 ab
932 3297 991 3338 ore.

887 3374 944 3443 Lij
