2859 4325
440 640 443 653 ,
942 640 945 645 ,

352 832 997 922 ARGUMENTUM

393 1012 951 1085 ruaucorrcA.

312 1145 626 1282 Bucorrcurr
651 1229 810 1288 carmen,
833 1201 923 1275 idem
946 1203 993 1274 est
1011 1228 1050 1274 ac

308 1300 483 1400 pastorale,
500 1299 645 1373 dedu&
661 1300 800 1408 portuno
815 1327 834 1370 a
847 1299 1049 1398 pastoribus,

306 1396 1052 1584 illustratorum?lt:

306 1597 374 1667 bos.
398 1592 482 1684 Quo
504 1592 541 1663 in
562 1618 682 1691 genere
704 1590 863 1689 Virgilius
885 1592 1052 1664 Theocri-

308 1715 403 1777 tum,
421 1688 660 1784 Syracusanum
674 1699 832 1787 poetam,
850 1687 1053 1761 imitandum

307 1787 367 1859 fibi
388 1785 570 1886 proposuit.

357 1885 521 1956 Carmina
539 1881 702 1981 ejusmodi
716 1881 774 1953 sua
788 1882 918 1954 vocavit
932 1883 1054 1957 Theo·

310 1982 434 2068 tritus,
456 1986 596 2080 idyllia,
622 1979 810 2080 Virgilius,
834 1986 971 2080 eclogas.
996 1983 1055 2055 Est

311 2103 424 2151 autem
445 2093 587 2173 ἐκλογὴ,
609 2081 743 2178 ecloga,
767 2077 911 2152 delcetus
930 2107 1055 2180 pauco-

311 2205 385 2249 rum
412 2177 542 2285 aliquot
568 2173 802 2275 opusculorum
829 2204 847 2249 e
877 2176 1055 2278 pluribus,
1178 2208 1180 2212 ’

336 2303 384 2346 uae
405 2273 520 2347 fecerit
541 2279 677 2359 αιιᾶοῑ,
700 2301 762 2347 nec
781 2273 854 2346 luce
881 2275 981 2373 digna
999 2285 1057 2373 ju-

312 2302 428 2443 liclrit
451 2400 460 2441 t
484 2370 537 2443 vel
562 2371 708 2444 delebms
730 2371 957 2469 quorumdam
980 2400 1057 2443 vet-

313 2467 409 2540 suum
450 2496 511 2540 uos
525 2496 544 2538 a
558 2469 744 2541 Theocrito
760 2494 818 2568 per
833 2468 1059 2541 imitationem

314 2496 501 2665 exprellerit
524 2594 532 2635 ε
552 2567 597 2638 est
618 2566 710 2639 enim
732 2576 895 2657 ἐκλέγειν,
921 2571 1058 2668 eligere,

309 2665 479 2758 secernere.
503 2663 600 2735 Male
622 2687 735 2734 autem
760 2658 910 2734 scribitur
934 2692 952 2735 a
979 2665 1058 2762 qui-

318 2760 457 2834 busdam
477 2764 653 2860 ἄμυξα,
680 2758 769 2858 quasi
795 2758 836 2830 ab
858 2777 912 2860 άῑξ
936 2790 1032 2858 capra
1041 2819 1057 2851 ,

319 2864 353 2928 δε
372 2873 469 2948 λόγος
479 2859 587 2952 sermo
610 2887 618 2927 ι
639 2881 713 2928 tum
731 2856 809 2954 quia
829 2883 898 2927 non
917 2873 1057 2952 ἐκλογὴ,

317 2952 371 3026 sed
397 2969 555 3047 &tyram
580 2954 719 3026 dicenda
745 2951 825 3025 ellet
847 2982 858 3025 r
882 2978 956 3025 turn
981 2958 1059 3053 quia

319 3050 461 3122 minima
487 3078 569 3157 'pars
602 3052 698 3150 hujus
735 3051 842 3149 operis
874 3052 915 3122 ad
950 3079 1059 3152 capras
1117 3063 1122 3074 '

320 3147 462 3247 pertinet
482 3176 493 3243 3
524 3149 565 3219 ad
593 3176 702 3235 oves,
732 3172 871 3235 cantus,
903 3177 1059 3238 amores,

322 3245 430 3315 multb
450 3247 594 3317 maxima
616 3276 624 3316 ε
645 3271 717 3316 tum
737 3246 879 3343 denique
899 3249 977 3345 quia
996 3278 1061 3321 no-

325 3369 402 3493 mpn
419 3346 527 3492 eclpgae
545 3343 614 3418 aliis
633 3343 787 3443 operibus
805 3344 959 3418 tribuitur
975 3347 1062 3421 bene

382 3461 448 3497 umus
475 3477 484 3499 .
892 3448 916 3499 A
