2859 4325
512 575 900 704 EcnooAVl.
1005 650 1065 733 233

321 783 358 836 At
375 797 434 835 non
449 793 506 834 tam
521 793 612 850 turpes
629 779 759 847 pecudum
774 792 865 833 tamen
878 780 934 833 ulla
949 780 1037 835 secuta
1049 780 1087 834 est

320 877 506 938 Concubitus,
522 874 646 947 quamvis
662 878 736 934 collo
751 875 880 930 timuisset
893 891 1028 944 aratrum,
1082 893 1115 944 50

320 977 354 1029 Et
371 973 445 1044 (πρὸ
462 974 493 1028 in
509 972 567 1028 levi
585 971 713 1043 quaefifl'ec
727 989 827 1026 cornua
842 973 942 1026 fronte.

319 1072 365 1125 Ah
381 1073 392 1122 l
406 1071 489 1142 virgo
503 1068 620 1134 infelix,
638 1083 668 1122 tu
686 1084 758 1122 nunc
774 1068 804 1121 in
818 1069 957 1124 montibus
972 1086 1061 1126 errat:

318 1169 391 1233 llle,
404 1168 476 1220 latus
489 1165 601 1220 niveum
618 1163 696 1219 molli
712 1164 795 1219 fultus
811 1164 976 1235 hyacintho,
1086 1194 1092 1207 ι

319 1262 387 1318 llice
402 1263 450 1317 sab
463 1262 541 1334 nigra
556 1265 685 1333 pallentes
700 1252 817 1316 ruminat
830 1262 941 1323 herbata
1080 1279 1114 1328 54

319 1364 378 1416 Aut
384 1361 537 1431 aliqnatnin
544 1377 642 1432 magno
650 1358 1142 1430 sequiturgregeclauditepcyuphae‚

320 1455 435 1515 Didiae
452 1458 605 1528 Nymphae,
619 1471 760 1511 nemorum
775 1454 830 1522 'iam
845 1456 959 1510 claudite
976 1456 1076 1516 saltus,

322 1555 352 1607 Si
370 1553 422 1624 qui
435 1551 507 1608 lort'e
521 1553 608 1608 ferant
622 1551 708 1606 oculis
724 1552 779 1607 sese
794 1551 876 1606 obvia
893 1551 988 1607 nostris
1037 1574 1041 1579 ·

320 1651 473 1704 Ertahunda
485 1649 563 1705 bovis
580 1649 709 1720 vestigia3
724 1649 834 1704 forlitan
848 1648 927 1703 illurn
990 1702 996 1710 ,

323 1749 379 1801 Aut
394 1747 477 1802 berbi
495 1760 602 1818 captum
618 1747 720 1809 viridi,
735 1762 782 1801 aut
797 1760 916 1802 armenta
931 1727 1068 1809 secutum,

324 1841 474 1897 Perdncant
487 1844 583 1915 aliqua
597 1845 693 1898 stabula
709 1845 744 1899 ad
760 1842 896 1914 Gortynia
910 1859 1011 1898 vaccae.
1080 1844 1114 1895 60

324 1940 397 1995 Tum
414 1940 487 1994 canit
500 1939 677 2010 Hesperidum
693 1938 815 1994 miratam
833 1942 901 1992 mala
917 1941 1053 2010 puellam

323 2037 398 2091 Tum
414 2034 635 2090 Phaithontiadas
652 2036 743 2089 musco
762 2034 907 2090 circumdat
922 2052 1017 2089 amarae

323 2127 461 2199 corticis}
478 2148 559 2205 atquc
575 2133 635 2187 solo
650 2134 774 2204 p'tocer'as
789 2132 868 2204 erigit
883 2135 970 2189 alnos.

324 2235 396 2287 Tum
410 2230 500 2297 canit,
512 2244 645 2284 errantem
660 2228 784 2284 Permeffi
797 2229 830 2284 ad
843 2230 955 2285 flumina
968 2230 1077 2286 Gallum

324 2333 416 2385 Aonas
434 2327 464 2381 in
478 2340 586 2381 montes
603 2341 632 2379 ut
650 2325 756 2379 duxerit
773 2342 827 2379 una
844 2327 987 2386 sotorum
1080 2325 1114 2390 65

323 2426 415 2495 thue
430 2422 494 2477 viro
509 2420 603 2477 Phoebi
620 2422 718 2474 chorus
735 2419 902 2473 assurrexerit
917 2419 1027 2482 omnis5

325 2521 364 2574 Ut
381 2519 464 2572 Linus
479 2518 537 2571 hac
552 2516 612 2583 illi,
630 2514 727 2569 divino
744 2511 864 2592 carmine
877 2516 982 2585 pastor,

326 2616 450 2671 floribus
464 2630 544 2686 atque
558 2614 622 2684 apio
635 2612 722 2667 crines
736 2627 851 2668 ornatus·
861 2631 972 2674 amaro,

329 2711 439 2766 Dixerit
450 2732 457 2766 r
469 2713 529 2766 Hos
539 2710 589 2765 tibi
597 2712 660 2765 dant
668 2713 785 2766 calamos
797 2711 850 2781 (en
860 2712 968 2782 accipe)
979 2711 1062 2765 Musae
1073 2750 1080 2773 ‚

326 2808 432 2863 Ascraeo
448 2826 516 2878 quos
531 2810 591 2862 ancl
605 2810 661 2863 seni
676 2829 684 2871 ;
702 2811 797 2881 quibus
811 2810 857 2865 ille
872 2812 974 2864 solebat
1081 2825 1119 2873 70

327 2908 468 2963 Cantando
485 2905 583 2976 rigidas
599 2907 726 2961 deducere
745 2907 881 2961 montibus
898 2924 993 2963 ornos.

325 3001 376 3055 ldis
395 3002 445 3056 tibi
461 3002 575 3074 Grynaei
590 3004 710 3057 nemoris
726 3003 825 3057 dicatur
842 3003 939 3074 origo:

327 3099 367 3151 Ne
383 3097 446 3169 quis
462 3098 494 3150 fit
511 3100 602 3164 lucus,
616 3117 671 3170 quo
688 3101 714 3153 se
730 3102 789 3170 plus
805 3100 883 3167 jaciet
900 3102 1012 3169 Apolloi

328 3193 398 3259 Quid
410 3196 526 3264 loquar,
538 3210 568 3247 ut
580 3197 696 3266 Scyllam
706 3196 779 3262 Nifi,
797 3215 874 3267 quam
886 3199 954 3252 fama
965 3183 1053 3250 secuta
1064 3195 1117 3252 est,

329 3287 444 3351 §cunda
461 3291 621 3351 surcinolam
636 3294 792 3354 latrantibus
807 3296 918 3371 inguina
934 3293 1057 3348 monstris
1085 3308 1101 3359 7
1106 3310 1117 3356 5

919 3392 939 3445 B
959 3408 978 3446 v
