2859 4325
539 620 878 719 EccocAI.
1048 660 1078 746 7

617 791 643 844 Τ
653 805 666 844 1
678 804 729 844 ru
741 805 761 844 o
773 805 795 846 u
807 806 833 846 s.

316 890 468 948 libertast
485 903 564 961 quae,
581 889 656 955 sera,
670 905 763 945 tamen
780 887 898 960 respexit
915 888 1048 954 inertem

321 990 476 1046 Candidior
490 987 631 1059 postquam
648 987 772 1044 tondenti
786 989 865 1042 barba
878 989 1004 1048 cadebam

324 1088 456 1159 Respexit
472 1086 622 1150 tamem&
636 1089 721 1158 longo
740 1084 799 1156 pbst
812 1100 935 1156 tempore
950 1086 1043 1153 venit,
1083 1098 1121 1158 30

325 1184 467 1255 Postquam
482 1201 534 1238 nos
550 1184 694 1255 Amaryllis
708 1185 805 1248 habet,
820 1182 931 1237 Galatea
945 1183 1065 1254 reliquit.

324 1284 450 1354 Namque
460 1283 584 1349 (fatebor
597 1282 687 1353 enim)
701 1284 765 1336 dum
781 1299 826 1336 me
839 1279 951 1336 Galatea
960 1283 1084 1347 tenebat,

326 1381 381 1436 Nec
395 1383 459 1451 spes
474 1379 605 1434 libertatis
618 1395 694 1442 erat,
707 1393 759 1434 nec
771 1396 833 1433 cura
848 1382 956 1449 peculi:

327 1476 461 1544 Quamvis
477 1477 562 1529 multa
576 1474 644 1529 meir
658 1476 746 1530 exiret
759 1475 869 1530 victima
884 1474 985 1546 septis.

328 1573 435 1646 Pinguis
449 1574 478 1626 δι
493 1572 604 1644 ingrate
617 1588 783 1643 premeretur
795 1574 885 1628 caseus
897 1573 975 1640 urbi,
1085 1587 1098 1643 3
1105 1589 1118 1641 5

327 1673 527 1743 Nonumquam
536 1671 626 1744 gravis
635 1673 806 1725 eredomum
816 1670 884 1725 mihi
893 1654 1102 1728 dextraretiibat.

600 1767 633 1820 Μ
644 1781 663 1821 z
674 1780 690 1818 t
701 1782 714 1821 1
726 1783 743 1821 u
756 1783 781 1820 α
794 1779 814 1820 υ
827 1757 862 1823 s,

328 1865 463 1928 Mirabar,
479 1864 545 1936 quid
558 1865 651 1919 rucefla
664 1866 757 1928 Deos,
773 1864 920 1936 Amarylli,
933 1880 1047 1921 vocaret
1058 1882 1068 1928 3

329 1964 378 2018 Cui
394 1965 512 2032 pendere
527 1963 573 2017 sui
588 1962 716 2034 pateretis
730 1962 759 2017 in
773 1964 868 2018 arb'ore
883 1972 974 2033 poma.

328 2060 440 2132 Tityrus
455 2059 519 2114 binc
535 2061 631 2114 aberat.
647 2059 712 2129 lpsae
729 2074 773 2122 te,
784 2060 895 2130 Tityre,
911 2059 1009 2129 pinus,

327 2155 380 2228 ipsi
395 2174 421 2213 te
434 2158 544 2222 sontes,
557 2156 613 2228 ipsa
630 2158 687 2211 haec
701 2156 817 2218 arbusta,
833 2150 974 2213 vocabant.
996 2162 1000 2167 ’
1082 2174 1120 2225 4⁰

616 2256 829 2309 T1ruuux

328 2351 400 2419 Quid
413 2354 531 2408 facerem
541 2355 552 2408 ἓ
564 2350 659 2423 Neque
669 2353 781 2405 servitio
795 2368 839 2404 me
851 2351 927 2405 exire
942 2351 1037 2404 licebat
1047 2386 1060 2417 ,-

327 2450 383 2505 Nec
397 2463 452 2505 tam
469 2451 613 2521 presentes
628 2450 692 2503 alibi
707 2448 868 2518 cognoscere
884 2448 986 2501 Divos.

328 2548 379 2601 Hic
393 2547 470 2601 illum
483 2546 541 2599 viti
556 2546 702 2612 juvenem,
719 2541 865 2603 Meliboee,
879 2558 946 2612 quot
961 2541 1037 2596 attuit

329 2645 371 2698 bis
388 2646 467 2698 senos
483 2644 525 2696 cui
542 2642 631 2696 nostra
648 2642 704 2696 diet
722 2640 812 2693 altaria
826 2640 937 2693 fumant.

328 2742 375 2796 iiic
388 2740 455 2795 mihi
472 2741 630 2811 responsum
647 2739 750 2809 primus
767 2740 839 2794 dedit
854 2740 900 2793 ille
916 2738 1036 2809 petenti:
1083 2752 1117 2802 45

327 2838 446 2903 Pascite,
459 2852 490 2890 ut
504 2836 582 2901 autb,
598 2840 701 2897 boves,
714 2836 807 2906 poetic
822 2835 969 2889 submittite
981 2851 1081 2889 tauros.

593 2932 624 2984 Μ
636 2947 654 2985 r
667 2944 707 2986 tr
721 2948 737 2985 r
751 2945 776 2985 o
790 2946 812 2985 u
823 2946 848 2984 s.

326 3026 470 3085 Fortunate
486 3029 568 3084 senex
583 3035 590 3084 Ξ
607 3048 672 3102 ergo
687 3045 732 3084 tua
747 3048 805 3084 rura
820 3026 982 3083 manebunt?

326 3130 358 3180 Et
375 3128 425 3181 tibi
443 3144 539 3197 magua
557 3128 619 3180 satis
635 3148 643 3188 3
661 3128 785 3198 quamvis
803 3130 870 3197 lapis
887 3127 980 3199 omnia
996 3129 1082 3181 nudus

328 3226 492 3293 Limosoque
510 3227 585 3293 palus
602 3227 714 3279 obducat
731 3227 825 3295 pascua
840 3225 938 3291 junco:

327 3323 389 3376 Non
406 3323 510 3376 insueta
523 3338 616 3392 graves
632 3326 768 3380 tentabunt
783 3326 876 3397 pabula
890 3326 971 3389 setas,
1085 3333 1119 3386 50

900 3423 924 3474 Λ
943 3421 972 3472 iv
