2859 4325
535 639 584 683 tu
605 625 833 686 Auaron.
982 613 1045 696 3⁶1³
1088 611 1100 636 ¹

326 747 329 758 ·
355 732 396 778 70.
414 718 463 768 Aut
476 735 517 786 age
531 721 641 785 diversas.
656 721 738 787 Vulgo
754 712 840 786 legitur
852 715 973 779 diversas,
988 733 1044 770 cum

320 790 437 840 relatione
457 791 488 842 ad
506 812 603 860 puppes.
626 794 737 849 Venirn,
756 809 785 842 ex
809 787 882 840 codd.
908 789 1044 848 consensu,

320 861 423 912 restituit
435 864 542 915 Heinlius
557 867 679 930 diversos,
701 863 768 932 quod
782 868 842 917 item
856 862 945 913 habent
960 859 1046 910 nostru

322 935 380 988 edd.
396 941 417 988 Α
430 944 455 990 &
472 942 516 991 Bc

324 1058 327 1066 .
357 1019 580 1084 174.Aeprimum
595 1017 658 1081 filici
676 1018 806 1080 scintillam
825 1017 917 1068 excudit
935 1016 1047 1067 Achates.

322 1092 420 1151 Habent
436 1095 511 1159 filicis
532 1097 615 1162 vulgg.
636 1095 694 1146 edd.
710 1113 767 1147 rum
784 1097 867 1146 nostris
885 1097 904 1145 Α
925 1101 949 1146 bt
966 1096 995 1145 Β.
1012 1095 1046 1144 At

323 1167 381 1218 cod.
397 1168 489 1218 Medic.
505 1169 561 1220 cod.
576 1173 635 1235 Reg.
651 1170 691 1218 Χῖ.
707 1186 727 1218 a.
744 1187 778 1218 m.
794 1185 830 1234 pr.
848 1170 936 1219 habent
944 1166 1007 1230 filici
1020 1169 1048 1216 lic

323 1247 423 1294 retinuit
434 1248 508 1294 etiam
520 1245 630 1296 Heiulius
641 1262 668 1295 eu
678 1245 826 1296 melioribus.
837 1245 892 1295 Esto
902 1279 910 1305 ‚
922 1243 938 1294 li
947 1244 1026 1310 placer
1037 1277 1049 1306 ‚

316 1317 401 1382 filici,
416 1337 484 1370 more
499 1324 618 1387 unoquo,
634 1319 768 1385 profilia,
783 1335 809 1369 ut
823 1321 870 1386 igni
881 1336 924 1385 pro
938 1320 988 1384 igue
997 1322 1050 1369 διε.

326 1444 329 1450 .
360 1417 415 1461 3¹7·
435 1400 600 1465 Volucremque
608 1399 670 1464 fugi
680 1399 826 1463 praevertitur
839 1401 935 1446 Eurum.
952 1397 1050 1447 Habent
1081 1422 1084 1433 ·

324 1487 409 1520 omnes
425 1469 498 1522 codd.
516 1487 542 1520 ut
555 1469 646 1522 Medic.
665 1477 689 1522 iit
704 1471 782 1521 noster
798 1472 856 1537 Reg.
873 1472 913 1521 Χῖ.
929 1488 947 1519 s.
964 1487 1050 1521 omnes

324 1549 399 1595 eriam
416 1545 472 1596 edd.
489 1561 549 1597 vert.
571 1546 652 1613 quales
674 1547 757 1597 nostrat
775 1549 834 1596 A&
855 1546 891 1601 Bw:
914 1545 1050 1596 Volucrem·

293 1670 297 1678 ,
325 1638 369 1687 pue
378 1619 440 1684 fugi
451 1620 595 1684 pravemitur
610 1619 721 1671 Hebrum.
740 1618 786 1671 Sed
803 1620 947 1670 manifestius
964 1620 997 1669 ell
1014 1623 1051 1671 vi·

326 1697 388 1743 tium
402 1726 410 1751 ,
425 1691 499 1758 quim
509 1709 536 1744 ut
546 1710 596 1743 non
606 1696 754 1759 corrigatur,
768 1697 833 1758 juxta
843 1688 956 1742 videlicet
966 1707 1050 1742 emcn-
1135 1690 1138 1695 ’

325 1769 450 1821 dationem
471 1770 553 1819 Huetii
570 1803 578 1830 ,
595 1773 637 1835 qui
659 1767 726 1818 ttnici
744 1785 824 1818 verant
846 1767 942 1832 Virgilii
966 1767 1049 1817 1εᾶἰο-

323 1862 384 1897 nem
404 1843 512 1893 restituit.
536 1845 573 1892 1⁰.
594 1843 675 1908 Ipsum
696 1845 819 1908 epitheton
838 1843 952 1891 volucrem
969 1842 1049 1892 mintlt

325 1923 387 1970 bene
404 1920 498 1970 videtur
515 1924 598 1970 sociari
616 1939 671 1970 curn
685 1919 809 1980 Hebrum,
826 1919 892 1988 quod
909 1920 941 1969 est
958 1936 1049 1972 nomeu

323 1993 451 2058 lluruiuis3
467 2001 620 2065 utnusquam
635 2001 682 2048 hoc
694 1999 760 2047 sensu
776 2001 880 2047 occurrit
894 2000 919 2048 in
934 1998 1049 2063 Virgilio.

324 2075 388 2127 Beni
410 2074 509 2142 quidem
528 2074 618 2142 scripfir
635 2075 749 2124 volucrem
770 2072 915 2135 columbam,
934 2076 1050 2125 volucrem

318 2151 457 2219 sagittam,
474 2152 563 2204 volucri
583 2169 649 2202 curru
665 2187 673 2213 ,
695 2152 799 2202 volueres
813 2151 922 2214 fumos,
944 2153 1050 2203 uolucres

324 2248 417 2285 auras,
434 2232 536 2279 uolucres
552 2244 615 2277 rotas
635 2232 682 2277 &o
701 2244 726 2278 ut
740 2245 871 2293 numquam
889 2226 951 2277 certi
969 2232 1050 2294 posuit

323 2309 440 2359 uolucrem
457 2322 554 2354 amnem.
572 2305 715 2368 Rapidum,
733 2319 783 2354 erat
802 2307 981 2354 convenientius
1000 2311 1050 2371 epi·

326 2389 436 2444 theton,
460 2388 483 2434 &
505 2401 553 2450 quo
578 2385 668 2452 semper
691 2387 766 2434 uritur
786 2386 811 2431 in
834 2381 941 2431 talibus:
960 2385 1049 2448 rapidis

325 2459 467 2521 vorticibus,
483 2460 576 2523 rapidos
593 2474 686 2520 amnes,
704 2460 809 2523 rapidum
828 2459 926 2513 Oaxen,
943 2460 1049 2524 rapidum

323 2540 445 2594 Simoenta
463 2541 512 2587 bec.
533 2536 571 2585 Sic
590 2534 702 2584 Horatius
723 2533 807 2584 Carnu.
825 2534 845 2582 1.
867 2551 904 2597 ¹3·
924 2536 1049 2608 Orpheum

328 2628 449 2667 memorat

391 2692 447 2740 Arte
464 2689 565 2738 matema
586 2686 678 2752 rapidos
698 2701 822 2736 morantem

392 2766 523 2817 fluminum
539 2764 636 2829 lapsus,
653 2762 774 2829 celeresque
789 2780 878 2813 uentos.

326 2847 385 2900 Non
402 2862 458 2911 ergo
479 2842 568 2909 scripfir
591 2841 705 2907 Virgilius
728 2842 841 2891 uolucrem
864 2842 986 2907 Hebrum,
1006 2845 1048 2898 sed
1098 2840 1102 2844 ’

325 2928 438 2980 Eurum,
460 2918 527 2986 quod
546 2918 607 2968 forti
629 2920 742 2984 scriptum
767 2919 814 2968 fuit
835 2922 948 2982 Eurum,
968 2926 1047 2989 prisco
1120 2966 1123 2970 ,

326 3018 415 3059 more,
433 3005 458 3050 ἃ
469 2998 538 3068 Ιιηιὶὲ
557 2998 665 3049 auditum
681 3016 708 3047 ex
726 2998 807 3065 aliquo
831 3000 945 3049 recitante
967 3005 1006 3051 eui
1024 3003 1047 3053 V

325 3080 521 3147 pronuntiaretur
538 3091 565 3126 ut
584 3076 612 3125 Β.
634 3078 672 3124 2⁰.
692 3076 772 3141 lpsum
791 3075 914 3126 audiamur
930 3078 1046 3131 Huetium

325 3154 468 3223 (Hueriana
480 3170 506 3217 p.
527 3152 601 3219 ¹42·)
618 3152 728 3217 Virgile,
751 3152 808 3203 dant
825 3154 847 3202 le
864 3158 964 3219 premier
986 3158 1046 3210 livre

326 3229 357 3283 de
371 3227 501 3289 l’Enli'de,
517 3247 542 3283 v.
565 3247 620 3295 3²¹·
642 3230 736 3299 (μγ.)
755 3231 848 3299 pariant
864 3229 896 3282 de
912 3232 1045 3289 l'amazone

369 3323 466 3383 Tamus
485 3321 510 3383 1.
852 3319 887 3405 Q
