<?xml version="1.0" encoding="UTF-8"?>
<!DOCTYPE html PUBLIC "-//W3C//DTD XHTML 1.0 Transitional//EN"
    "http://www.w3.org/TR/xhtml1/DTD/xhtml1-transitional.dtd">
<html xmlns="http://www.w3.org/1999/xhtml" xml:lang="en" lang="en">
 <head>
  <title>
</title>
<meta http-equiv="Content-Type" content="text/html;charset=utf-8" />
  <meta name='ocr-system' content='tesseract 3.04.00' />
  <meta name='ocr-capabilities' content='ocr_page ocr_carea ocr_par ocr_line ocrx_word'/>
</head>
<body>
  <div class='ocr_page' id='page_1' title='image "./publiivirgiliim00cappgoog/publiivirgiliim00cappgoog_0211.png"; bbox 0 0 2859 4325; ppageno 0'>
   <div class='ocr_carea' id='block_1_1' title="bbox 501 574 1054 748">
    <p class='ocr_par' dir='ltr' id='par_1_1' title="bbox 501 574 1054 748">
     <span class='ocr_line' id='line_1_1' title="bbox 501 574 1054 748; baseline 0.014 -28"><span class='ocrx_word' id='word_1_1' title='bbox 501 574 741 722; x_wconf 29' lang='lat' dir='ltr'>Lra&#39;au</span> <span class='ocrx_word' id='word_1_2' title='bbox 799 640 902 726; x_wconf 87' lang='lat' dir='ltr'>IV.</span> <span class='ocrx_word' id='word_1_3' title='bbox 966 674 1054 748; x_wconf 69' lang='lat'>‚141</span> 
     </span>
    </p>
   </div>
   <div class='ocr_carea' id='block_1_2' title="bbox 296 803 1123 3403">
    <p class='ocr_par' dir='ltr' id='par_1_2' title="bbox 310 803 1075 970">
     <span class='ocr_line' id='line_1_2' title="bbox 310 803 1075 875; baseline -0.003 -16"><span class='ocrx_word' id='word_1_4' title='bbox 310 804 465 859; x_wconf 77' lang='lat' dir='ltr'>immanem</span> <span class='ocrx_word' id='word_1_5' title='bbox 478 803 542 857; x_wconf 78' lang='lat' dir='ltr'>ante</span> <span class='ocrx_word' id='word_1_6' title='bbox 554 805 633 872; x_wconf 89' lang='lat' dir='ltr'>pedes</span> <span class='ocrx_word' id='word_1_7' title='bbox 644 805 760 874; x_wconf 88' lang='lat' dir='ltr'>hydrum</span> <span class='ocrx_word' id='word_1_8' title='bbox 772 805 900 859; x_wconf 86' lang='lat' dir='ltr'>moritura</span> <span class='ocrx_word' id='word_1_9' title='bbox 912 810 1001 875; x_wconf 83' lang='lat' dir='ltr'>puella</span> <span class='ocrx_word' id='word_1_10' title='bbox 1072 853 1075 857; x_wconf 83' lang='lat'><strong>.</strong></span> 
     </span>
     <span class='ocr_line' id='line_1_3' title="bbox 312 884 942 970; baseline 0.003 -14"><span class='ocrx_word' id='word_1_11' title='bbox 312 903 474 956; x_wconf 86' lang='lat' dir='ltr'>Servantem</span> <span class='ocrx_word' id='word_1_12' title='bbox 489 901 561 970; x_wconf 89' lang='lat' dir='ltr'>ripas</span> <span class='ocrx_word' id='word_1_13' title='bbox 578 901 633 955; x_wconf 80' lang='lat' dir='ltr'>altd</span> <span class='ocrx_word' id='word_1_14' title='bbox 652 918 708 954; x_wconf 87' lang='lat' dir='ltr'>non</span> <span class='ocrx_word' id='word_1_15' title='bbox 723 901 793 954; x_wconf 81' lang='lat' dir='ltr'>vidit</span> <span class='ocrx_word' id='word_1_16' title='bbox 806 901 834 956; x_wconf 92' lang='lat' dir='ltr'>in</span> <span class='ocrx_word' id='word_1_17' title='bbox 851 884 942 959; x_wconf 75' lang='lat' dir='ltr'>berbi.</span> 
     </span>
    </p>

    <p class='ocr_par' dir='ltr' id='par_1_3' title="bbox 296 996 1109 1261">
     <span class='ocr_line' id='line_1_4' title="bbox 314 996 1109 1068; baseline 0.001 -20"><span class='ocrx_word' id='word_1_18' title='bbox 314 997 352 1048; x_wconf 82' lang='lat' dir='ltr'>At</span> <span class='ocrx_word' id='word_1_19' title='bbox 365 997 464 1050; x_wconf 83' lang='lat' dir='ltr'>chorus</span> <span class='ocrx_word' id='word_1_20' title='bbox 480 997 591 1066; x_wconf 73' lang='lat' dir='ltr'>aqualis</span> <span class='ocrx_word' id='word_1_21' title='bbox 607 999 746 1067; x_wconf 79' lang='lat' dir='ltr'><strong>Dryadum</strong></span> <span class='ocrx_word' id='word_1_22' title='bbox 762 1001 878 1052; x_wconf 87' lang='lat' dir='ltr'>clamore</span> <span class='ocrx_word' id='word_1_23' title='bbox 892 1001 1031 1068; x_wconf 77' lang='lat' dir='ltr'>supremos</span> <span class='ocrx_word' id='word_1_24' title='bbox 1054 996 1109 1060; x_wconf 75' lang='lat'>4⁶0</span> 
     </span>
     <span class='ocr_line' id='line_1_5' title="bbox 296 1077 1021 1166; baseline 0.006 -20"><span class='ocrx_word' id='word_1_25' title='bbox 296 1093 467 1166; x_wconf 29' lang='lat' dir='ltr'>‚scripserunt</span> <span class='ocrx_word' id='word_1_26' title='bbox 485 1107 588 1146; x_wconf 86' lang='lat' dir='ltr'>montes</span> <span class='ocrx_word' id='word_1_27' title='bbox 604 1113 613 1156; x_wconf 90' lang='lat'>;</span> <span class='ocrx_word' id='word_1_28' title='bbox 629 1093 728 1145; x_wconf 74' lang='lat' dir='ltr'>flerunt</span> <span class='ocrx_word' id='word_1_29' title='bbox 740 1077 910 1164; x_wconf 24' lang='lat' dir='ltr'>&#39;Rhodopeia</span> <span class='ocrx_word' id='word_1_30' title='bbox 929 1114 1021 1162; x_wconf 82' lang='lat' dir='ltr'>arces,</span> 
     </span>
     <span class='ocr_line' id='line_1_6' title="bbox 315 1189 974 1261; baseline 0.006 -18"><span class='ocrx_word' id='word_1_31' title='bbox 315 1190 433 1259; x_wconf 77' lang='lat' dir='ltr'>Altaque</span> <span class='ocrx_word' id='word_1_32' title='bbox 445 1189 576 1261; x_wconf 74' lang='lat' dir='ltr'>Pangaea,</span> <span class='ocrx_word' id='word_1_33' title='bbox 593 1191 619 1242; x_wconf 79' lang='lat' dir='ltr'>br</span> <span class='ocrx_word' id='word_1_34' title='bbox 636 1191 714 1242; x_wconf 83' lang='lat' dir='ltr'>Rhesi</span> <span class='ocrx_word' id='word_1_35' title='bbox 729 1191 863 1244; x_wconf 84' lang='lat' dir='ltr'>Mavortia</span> <span class='ocrx_word' id='word_1_36' title='bbox 879 1197 974 1258; x_wconf 79' lang='lat' dir='ltr'>tellus,</span> 
     </span>
    </p>

    <p class='ocr_par' dir='ltr' id='par_1_4' title="bbox 310 1273 1077 1455">
     <span class='ocr_line' id='line_1_7' title="bbox 314 1273 1077 1363; baseline 0.008 -23"><span class='ocrx_word' id='word_1_37' title='bbox 314 1273 408 1356; x_wconf 77' lang='lat' dir='ltr'>Atque</span> <span class='ocrx_word' id='word_1_38' title='bbox 422 1287 517 1349; x_wconf 62' lang='lat' dir='ltr'>Geta,</span> <span class='ocrx_word' id='word_1_39' title='bbox 528 1302 606 1355; x_wconf 87' lang='lat' dir='ltr'>atque</span> <span class='ocrx_word' id='word_1_40' title='bbox 616 1285 737 1351; x_wconf 79' lang='lat' dir='ltr'>Hebrus,</span> <span class='ocrx_word' id='word_1_41' title='bbox 750 1301 830 1357; x_wconf 86' lang='lat' dir='ltr'>atque</span> <span class='ocrx_word' id='word_1_42' title='bbox 842 1288 927 1342; x_wconf 70' lang='lat' dir='ltr'>anias</span> <span class='ocrx_word' id='word_1_43' title='bbox 937 1291 1077 1363; x_wconf 76' lang='lat' dir='ltr'>Orithyia.¹</span> 
     </span>
     <span class='ocr_line' id='line_1_8' title="bbox 310 1383 996 1455; baseline 0.001 -18"><span class='ocrx_word' id='word_1_44' title='bbox 310 1384 397 1453; x_wconf 72' lang='lat' dir='ltr'>ipse,</span> <span class='ocrx_word' id='word_1_45' title='bbox 412 1383 478 1436; x_wconf 72' lang='lat' dir='ltr'>cava</span> <span class='ocrx_word' id='word_1_46' title='bbox 493 1384 581 1436; x_wconf 85' lang='lat' dir='ltr'>solans</span> <span class='ocrx_word' id='word_1_47' title='bbox 600 1400 700 1455; x_wconf 71' lang='lat' dir='ltr'>agrurn</span> <span class='ocrx_word' id='word_1_48' title='bbox 720 1383 847 1437; x_wconf 81' lang='lat' dir='ltr'>testudine</span> <span class='ocrx_word' id='word_1_49' title='bbox 865 1402 996 1452; x_wconf 80' lang='lat' dir='ltr'>amorem,</span> 
     </span>
    </p>

    <p class='ocr_par' dir='ltr' id='par_1_5' title="bbox 311 1477 1109 1751">
     <span class='ocr_line' id='line_1_9' title="bbox 315 1477 1109 1552; baseline 0.003 -20"><span class='ocrx_word' id='word_1_50' title='bbox 315 1479 380 1542; x_wconf 83' lang='lat' dir='ltr'>Te,</span> <span class='ocrx_word' id='word_1_51' title='bbox 394 1478 479 1531; x_wconf 84' lang='lat' dir='ltr'>dulcis</span> <span class='ocrx_word' id='word_1_52' title='bbox 494 1477 615 1544; x_wconf 81' lang='lat' dir='ltr'>conjux,</span> <span class='ocrx_word' id='word_1_53' title='bbox 631 1495 657 1531; x_wconf 86' lang='lat' dir='ltr'>re</span> <span class='ocrx_word' id='word_1_54' title='bbox 674 1479 734 1532; x_wconf 90' lang='lat' dir='ltr'>solo</span> <span class='ocrx_word' id='word_1_55' title='bbox 749 1479 779 1531; x_wconf 88' lang='lat' dir='ltr'>in</span> <span class='ocrx_word' id='word_1_56' title='bbox 795 1479 886 1533; x_wconf 76' lang='lat' dir='ltr'>littore</span> <span class='ocrx_word' id='word_1_57' title='bbox 903 1481 1010 1546; x_wconf 82' lang='lat' dir='ltr'>secum,</span> <span class='ocrx_word' id='word_1_58' title='bbox 1056 1485 1109 1552; x_wconf 68' lang='lat'>465</span> 
     </span>
     <span class='ocr_line' id='line_1_10' title="bbox 314 1553 1066 1638; baseline -0.001 -8"><span class='ocrx_word' id='word_1_59' title='bbox 314 1577 361 1630; x_wconf 88' lang='lat' dir='ltr'>Te</span> <span class='ocrx_word' id='word_1_60' title='bbox 376 1576 505 1629; x_wconf 82' lang='lat' dir='ltr'>veniente</span> <span class='ocrx_word' id='word_1_61' title='bbox 523 1576 584 1638; x_wconf 89' lang='lat' dir='ltr'>die,</span> <span class='ocrx_word' id='word_1_62' title='bbox 603 1591 629 1628; x_wconf 90' lang='lat' dir='ltr'>te</span> <span class='ocrx_word' id='word_1_63' title='bbox 644 1577 789 1629; x_wconf 84' lang='lat' dir='ltr'>decedente</span> <span class='ocrx_word' id='word_1_64' title='bbox 806 1578 925 1630; x_wconf 80' lang='lat' dir='ltr'>canebat.</span> <span class='ocrx_word' id='word_1_65' title='bbox 1065 1553 1066 1557; x_wconf 11' lang='grc' dir='ltr'><strong>Ἰ</strong></span> 
     </span>
     <span class='ocr_line' id='line_1_11' title="bbox 311 1672 943 1751; baseline -0.002 -24"><span class='ocrx_word' id='word_1_66' title='bbox 311 1673 458 1727; x_wconf 69' lang='lat' dir='ltr'>Taenarias</span> <span class='ocrx_word' id='word_1_67' title='bbox 477 1673 560 1726; x_wconf 89' lang='lat' dir='ltr'>etiam</span> <span class='ocrx_word' id='word_1_68' title='bbox 571 1674 680 1751; x_wconf 76' lang='lat' dir='ltr'>santes,</span> <span class='ocrx_word' id='word_1_69' title='bbox 698 1675 751 1725; x_wconf 82' lang='lat' dir='ltr'>asta</span> <span class='ocrx_word' id='word_1_70' title='bbox 770 1672 834 1726; x_wconf 78' lang='lat' dir='ltr'>ostia</span> <span class='ocrx_word' id='word_1_71' title='bbox 850 1673 943 1742; x_wconf 82' lang='lat' dir='ltr'>Ditis,</span> 
     </span>
    </p>

    <p class='ocr_par' dir='ltr' id='par_1_6' title="bbox 316 1751 884 1842">
     <span class='ocr_line' id='line_1_12' title="bbox 316 1751 884 1842; baseline -0.007 -16"><span class='ocrx_word' id='word_1_72' title='bbox 316 1773 354 1826; x_wconf 87' lang='lat' dir='ltr'>Et</span> <span class='ocrx_word' id='word_1_73' title='bbox 370 1772 531 1840; x_wconf 80' lang='lat' dir='ltr'>caligantem</span> <span class='ocrx_word' id='word_1_74' title='bbox 548 1751 623 1842; x_wconf 69' lang='lat' dir='ltr'>nigra</span> <span class='ocrx_word' id='word_1_75' title='bbox 638 1769 782 1822; x_wconf 82' lang='lat' dir='ltr'>formidine</span> <span class='ocrx_word' id='word_1_76' title='bbox 794 1771 884 1822; x_wconf 82' lang='lat' dir='ltr'>sucum</span> 
     </span>
    </p>

    <p class='ocr_par' dir='ltr' id='par_1_7' title="bbox 312 1866 1115 2116">
     <span class='ocr_line' id='line_1_13' title="bbox 312 1866 1070 1940; baseline 0.001 -18"><span class='ocrx_word' id='word_1_77' title='bbox 312 1869 469 1940; x_wconf 70' lang='lat' dir='ltr'>ingressus,</span> <span class='ocrx_word' id='word_1_78' title='bbox 481 1868 627 1936; x_wconf 86' lang='lat' dir='ltr'>Manesque</span> <span class='ocrx_word' id='word_1_79' title='bbox 638 1866 722 1932; x_wconf 84' lang='lat' dir='ltr'>adiit,</span> <span class='ocrx_word' id='word_1_80' title='bbox 733 1867 886 1936; x_wconf 85' lang='lat' dir='ltr'>Regemque</span> <span class='ocrx_word' id='word_1_81' title='bbox 897 1871 1070 1933; x_wconf 85' lang='lat' dir='ltr'>tremendum,</span> 
     </span>
     <span class='ocr_line' id='line_1_14' title="bbox 317 1963 1115 2034; baseline 0.001 -15"><span class='ocrx_word' id='word_1_82' title='bbox 317 1965 472 2034; x_wconf 84' lang='lat' dir='ltr'>Nesciaque</span> <span class='ocrx_word' id='word_1_83' title='bbox 483 1963 606 2017; x_wconf 81' lang='lat' dir='ltr'>humanis</span> <span class='ocrx_word' id='word_1_84' title='bbox 619 1963 740 2032; x_wconf 86' lang='lat' dir='ltr'>precibus</span> <span class='ocrx_word' id='word_1_85' title='bbox 753 1964 932 2016; x_wconf 82' lang='lat' dir='ltr'>mansuescere</span> <span class='ocrx_word' id='word_1_86' title='bbox 943 1968 1031 2022; x_wconf 88' lang='lat' dir='ltr'>corda.</span> <span class='ocrx_word' id='word_1_87' title='bbox 1059 1983 1115 2032; x_wconf 78' lang='lat'>470</span> 
     </span>
     <span class='ocr_line' id='line_1_15' title="bbox 320 2060 961 2116; baseline 0 0"><span class='ocrx_word' id='word_1_88' title='bbox 320 2067 359 2116; x_wconf 75' lang='lat' dir='ltr'>At</span> <span class='ocrx_word' id='word_1_89' title='bbox 375 2080 456 2116; x_wconf 88' lang='lat' dir='ltr'>cantu</span> <span class='ocrx_word' id='word_1_90' title='bbox 474 2071 616 2116; x_wconf 83' lang='lat' dir='ltr'>commorae</span> <span class='ocrx_word' id='word_1_91' title='bbox 636 2060 714 2115; x_wconf 87' lang='lat' dir='ltr'>Erebi</span> <span class='ocrx_word' id='word_1_92' title='bbox 733 2063 764 2113; x_wconf 87' lang='lat' dir='ltr'>de</span> <span class='ocrx_word' id='word_1_93' title='bbox 782 2061 883 2114; x_wconf 84' lang='lat' dir='ltr'>sedibus</span> <span class='ocrx_word' id='word_1_94' title='bbox 899 2060 961 2116; x_wconf 89' lang='lat' dir='ltr'>imis</span> 
     </span>
    </p>

    <p class='ocr_par' dir='ltr' id='par_1_8' title="bbox 319 2161 1116 2910">
     <span class='ocr_line' id='line_1_16' title="bbox 320 2161 1069 2229; baseline 0.003 -13"><span class='ocrx_word' id='word_1_95' title='bbox 320 2164 434 2216; x_wconf 82' lang='lat' dir='ltr'>Umbrae</span> <span class='ocrx_word' id='word_1_96' title='bbox 442 2164 515 2215; x_wconf 79' lang='lat' dir='ltr'>ibant</span> <span class='ocrx_word' id='word_1_97' title='bbox 524 2178 619 2215; x_wconf 84' lang='lat' dir='ltr'>tenues</span> <span class='ocrx_word' id='word_1_98' title='bbox 631 2200 639 2227; x_wconf 86' lang='lat'>,</span> <span class='ocrx_word' id='word_1_99' title='bbox 651 2161 838 2229; x_wconf 79' lang='lat' dir='ltr'>simulacraque</span> <span class='ocrx_word' id='word_1_100' title='bbox 850 2163 908 2214; x_wconf 89' lang='lat' dir='ltr'>luce</span> <span class='ocrx_word' id='word_1_101' title='bbox 919 2177 1069 2218; x_wconf 82' lang='lat' dir='ltr'>carentum:</span> 
     </span>
     <span class='ocr_line' id='line_1_17' title="bbox 320 2258 1048 2328; baseline -0.003 -15"><span class='ocrx_word' id='word_1_102' title='bbox 320 2260 416 2328; x_wconf 73' lang='lat' dir='ltr'>Quini</span> <span class='ocrx_word' id='word_1_103' title='bbox 431 2264 514 2314; x_wconf 85' lang='lat' dir='ltr'>multa</span> <span class='ocrx_word' id='word_1_104' title='bbox 529 2260 558 2312; x_wconf 90' lang='lat' dir='ltr'>in</span> <span class='ocrx_word' id='word_1_105' title='bbox 574 2260 648 2313; x_wconf 84' lang='lat' dir='ltr'>soliis</span> <span class='ocrx_word' id='word_1_106' title='bbox 665 2259 756 2313; x_wconf 86' lang='lat' dir='ltr'>avium</span> <span class='ocrx_word' id='word_1_107' title='bbox 771 2260 797 2313; x_wconf 91' lang='lat' dir='ltr'>se</span> <span class='ocrx_word' id='word_1_108' title='bbox 815 2258 899 2312; x_wconf 86' lang='lat' dir='ltr'>millia</span> <span class='ocrx_word' id='word_1_109' title='bbox 914 2261 1048 2327; x_wconf 87' lang='lat' dir='ltr'>condunt,</span> 
     </span>
     <span class='ocr_line' id='line_1_18' title="bbox 319 2345 1055 2428; baseline -0.01 -14"><span class='ocrx_word' id='word_1_110' title='bbox 319 2345 432 2428; x_wconf 81' lang='lat' dir='ltr'>&#39;Vesper</span> <span class='ocrx_word' id='word_1_111' title='bbox 443 2359 488 2412; x_wconf 89' lang='lat' dir='ltr'>ubi</span> <span class='ocrx_word' id='word_1_112' title='bbox 501 2374 546 2411; x_wconf 86' lang='lat' dir='ltr'>aut</span> <span class='ocrx_word' id='word_1_113' title='bbox 557 2358 682 2411; x_wconf 87' lang='lat' dir='ltr'>hibernus</span> <span class='ocrx_word' id='word_1_114' title='bbox 695 2358 750 2428; x_wconf 87' lang='lat' dir='ltr'>agit</span> <span class='ocrx_word' id='word_1_115' title='bbox 762 2360 793 2410; x_wconf 89' lang='lat' dir='ltr'>de</span> <span class='ocrx_word' id='word_1_116' title='bbox 807 2356 942 2409; x_wconf 83' lang='lat' dir='ltr'>montibus</span> <span class='ocrx_word' id='word_1_117' title='bbox 955 2356 1055 2407; x_wconf 83' lang='lat' dir='ltr'>imber:</span> 
     </span>
     <span class='ocr_line' id='line_1_19' title="bbox 323 2451 1116 2523; baseline -0.006 -16"><span class='ocrx_word' id='word_1_118' title='bbox 323 2456 448 2520; x_wconf 77' lang='lat' dir='ltr'>Matres,</span> <span class='ocrx_word' id='word_1_119' title='bbox 464 2469 542 2523; x_wconf 84' lang='lat' dir='ltr'>atque</span> <span class='ocrx_word' id='word_1_120' title='bbox 560 2455 635 2517; x_wconf 83' lang='lat' dir='ltr'>viri,</span> <span class='ocrx_word' id='word_1_121' title='bbox 652 2453 825 2520; x_wconf 71' lang='lat' dir='ltr'>desunsbaque</span> <span class='ocrx_word' id='word_1_122' title='bbox 841 2468 954 2519; x_wconf 85' lang='lat' dir='ltr'>corpora</span> <span class='ocrx_word' id='word_1_123' title='bbox 970 2451 1026 2503; x_wconf 75' lang='lat' dir='ltr'>vita</span> <span class='ocrx_word' id='word_1_124' title='bbox 1063 2468 1116 2519; x_wconf 87' lang='lat'>475</span> 
     </span>
     <span class='ocr_line' id='line_1_20' title="bbox 324 2548 1074 2621; baseline -0.008 -17"><span class='ocrx_word' id='word_1_125' title='bbox 324 2550 530 2621; x_wconf 69' lang='lat' dir='ltr'>Magnanimum</span> <span class='ocrx_word' id='word_1_126' title='bbox 542 2552 670 2613; x_wconf 86' lang='lat' dir='ltr'>heroum,</span> <span class='ocrx_word' id='word_1_127' title='bbox 682 2549 758 2617; x_wconf 90' lang='lat' dir='ltr'>pueri</span> <span class='ocrx_word' id='word_1_128' title='bbox 767 2586 775 2613; x_wconf 85' lang='lat'>‚</span> <span class='ocrx_word' id='word_1_129' title='bbox 784 2548 958 2616; x_wconf 75' lang='lat' dir='ltr'>innuptaque</span> <span class='ocrx_word' id='word_1_130' title='bbox 969 2549 1074 2615; x_wconf 60' lang='lat' dir='ltr'>punse,</span> 
     </span>
     <span class='ocr_line' id='line_1_21' title="bbox 325 2644 1038 2719; baseline -0.004 -20"><span class='ocrx_word' id='word_1_131' title='bbox 325 2647 504 2719; x_wconf 76' lang='lat' dir='ltr'>impositique</span> <span class='ocrx_word' id='word_1_132' title='bbox 519 2646 592 2716; x_wconf 83' lang='lat' dir='ltr'>rogis</span> <span class='ocrx_word' id='word_1_133' title='bbox 605 2646 721 2712; x_wconf 77' lang='lat' dir='ltr'>iuvenes</span> <span class='ocrx_word' id='word_1_134' title='bbox 739 2644 802 2699; x_wconf 78' lang='lat' dir='ltr'>anr&#39;e</span> <span class='ocrx_word' id='word_1_135' title='bbox 819 2662 865 2697; x_wconf 90' lang='lat' dir='ltr'>ora</span> <span class='ocrx_word' id='word_1_136' title='bbox 882 2660 1019 2714; x_wconf 86' lang='lat' dir='ltr'>parentum</span> <span class='ocrx_word' id='word_1_137' title='bbox 1028 2662 1038 2705; x_wconf 81' lang='lat'>3</span> 
     </span>
     <span class='ocr_line' id='line_1_22' title="bbox 325 2742 1013 2815; baseline 0 -20"><span class='ocrx_word' id='word_1_138' title='bbox 325 2744 407 2810; x_wconf 77' lang='lat' dir='ltr'>Quos</span> <span class='ocrx_word' id='word_1_139' title='bbox 425 2742 524 2796; x_wconf 78' lang='lat' dir='ltr'>circum</span> <span class='ocrx_word' id='word_1_140' title='bbox 537 2743 619 2797; x_wconf 70' lang='lat' dir='ltr'>&#39;rimus</span> <span class='ocrx_word' id='word_1_141' title='bbox 635 2744 710 2815; x_wconf 86' lang='lat' dir='ltr'>niger</span> <span class='ocrx_word' id='word_1_142' title='bbox 729 2744 754 2796; x_wconf 73' lang='grc' dir='ltr'>ἀ</span> <span class='ocrx_word' id='word_1_143' title='bbox 771 2742 897 2796; x_wconf 80' lang='lat' dir='ltr'>deformis</span> <span class='ocrx_word' id='word_1_144' title='bbox 912 2745 1013 2804; x_wconf 84' lang='lat' dir='ltr'>arundo</span> 
     </span>
     <span class='ocr_line' id='line_1_23' title="bbox 327 2839 914 2910; baseline -0.003 -17"><span class='ocrx_word' id='word_1_145' title='bbox 327 2841 430 2910; x_wconf 86' lang='lat' dir='ltr'>Cocyti</span> <span class='ocrx_word' id='word_1_146' title='bbox 446 2840 571 2908; x_wconf 73' lang='lat' dir='ltr'>tardaque</span> <span class='ocrx_word' id='word_1_147' title='bbox 587 2844 661 2909; x_wconf 84' lang='lat' dir='ltr'>palus</span> <span class='ocrx_word' id='word_1_148' title='bbox 675 2839 826 2894; x_wconf 83' lang='lat' dir='ltr'>inamabilis</span> <span class='ocrx_word' id='word_1_149' title='bbox 844 2840 914 2891; x_wconf 75' lang='lat' dir='ltr'>undd</span> 
     </span>
    </p>

    <p class='ocr_par' dir='ltr' id='par_1_9' title="bbox 326 2936 1123 3403">
     <span class='ocr_line' id='line_1_24' title="bbox 329 2936 1123 3007; baseline 0 -17"><span class='ocrx_word' id='word_1_150' title='bbox 329 2938 446 3007; x_wconf 75' lang='lat' dir='ltr'>Adligat,</span> <span class='ocrx_word' id='word_1_151' title='bbox 463 2938 489 2989; x_wconf 76' lang='grc' dir='ltr'>δι</span> <span class='ocrx_word' id='word_1_152' title='bbox 505 2937 601 2990; x_wconf 83' lang='lat' dir='ltr'>novies</span> <span class='ocrx_word' id='word_1_153' title='bbox 618 2940 687 3007; x_wconf 85' lang='lat' dir='ltr'>Styx</span> <span class='ocrx_word' id='word_1_154' title='bbox 703 2936 829 2988; x_wconf 84' lang='lat' dir='ltr'>interfusa</span> <span class='ocrx_word' id='word_1_155' title='bbox 843 2949 959 2988; x_wconf 86' lang='lat' dir='ltr'>coercet.</span> <span class='ocrx_word' id='word_1_156' title='bbox 1068 2939 1123 3001; x_wconf 81' lang='lat'>480</span> 
     </span>
     <span class='ocr_line' id='line_1_25' title="bbox 328 3009 1031 3101; baseline -0.004 -16"><span class='ocrx_word' id='word_1_157' title='bbox 328 3034 405 3100; x_wconf 81' lang='lat' dir='ltr'>Quin</span> <span class='ocrx_word' id='word_1_158' title='bbox 419 3009 482 3101; x_wconf 70' lang='lat' dir='ltr'>ibsae</span> <span class='ocrx_word' id='word_1_159' title='bbox 496 3032 616 3101; x_wconf 59' lang='lat' dir='ltr'>stupussre</span> <span class='ocrx_word' id='word_1_160' title='bbox 629 3036 725 3087; x_wconf 89' lang='lat' dir='ltr'>domus</span> <span class='ocrx_word' id='word_1_161' title='bbox 738 3047 833 3100; x_wconf 90' lang='lat' dir='ltr'>,atque</span> <span class='ocrx_word' id='word_1_162' title='bbox 844 3029 937 3082; x_wconf 85' lang='lat' dir='ltr'>intima</span> <span class='ocrx_word' id='word_1_163' title='bbox 949 3028 1031 3082; x_wconf 84' lang='lat' dir='ltr'>Letbi·</span> 
     </span>
     <span class='ocr_line' id='line_1_26' title="bbox 329 3127 1048 3202; baseline -0.004 -19"><span class='ocrx_word' id='word_1_164' title='bbox 329 3132 458 3193; x_wconf 84' lang='lat' dir='ltr'>Tartara,</span> <span class='ocrx_word' id='word_1_165' title='bbox 477 3132 661 3202; x_wconf 76' lang='lat' dir='ltr'>caeruleosque</span> <span class='ocrx_word' id='word_1_166' title='bbox 675 3132 801 3199; x_wconf 84' lang='lat' dir='ltr'>implexae</span> <span class='ocrx_word' id='word_1_167' title='bbox 816 3127 931 3181; x_wconf 85' lang='lat' dir='ltr'>crinibus</span> <span class='ocrx_word' id='word_1_168' title='bbox 950 3144 1048 3196; x_wconf 77' lang='lat' dir='ltr'>angues</span> 
     </span>
     <span class='ocr_line' id='line_1_27' title="bbox 326 3224 1077 3295; baseline 0.003 -17"><span class='ocrx_word' id='word_1_169' title='bbox 326 3226 505 3288; x_wconf 83' lang='lat' dir='ltr'>Eumenides,</span> <span class='ocrx_word' id='word_1_170' title='bbox 519 3226 658 3295; x_wconf 87' lang='lat' dir='ltr'>tenuitque</span> <span class='ocrx_word' id='word_1_171' title='bbox 676 3225 782 3280; x_wconf 87' lang='lat' dir='ltr'>inhians</span> <span class='ocrx_word' id='word_1_172' title='bbox 798 3226 848 3278; x_wconf 90' lang='lat' dir='ltr'>tria</span> <span class='ocrx_word' id='word_1_173' title='bbox 865 3224 994 3278; x_wconf 87' lang='lat' dir='ltr'>Cerberus</span> <span class='ocrx_word' id='word_1_174' title='bbox 1011 3243 1077 3289; x_wconf 82' lang='lat' dir='ltr'>ora.</span> 
     </span>
     <span class='ocr_line' id='line_1_28' title="bbox 326 3320 952 3403; baseline -0.003 -27"><span class='ocrx_word' id='word_1_175' title='bbox 326 3322 418 3403; x_wconf 48' lang='lat' dir='ltr'>atque</span> <span class='ocrx_word' id='word_1_176' title='bbox 437 3322 541 3390; x_wconf 75' lang='lat' dir='ltr'>Ixinnii</span> <span class='ocrx_word' id='word_1_177' title='bbox 559 3340 642 3382; x_wconf 85' lang='lat' dir='ltr'>vento</span> <span class='ocrx_word' id='word_1_178' title='bbox 661 3338 720 3391; x_wconf 76' lang='lat' dir='ltr'>rota</span> <span class='ocrx_word' id='word_1_179' title='bbox 736 3322 853 3393; x_wconf 78' lang='lat' dir='ltr'>constitit</span> <span class='ocrx_word' id='word_1_180' title='bbox 869 3320 952 3389; x_wconf 85' lang='lat' dir='ltr'>orbis,</span> 
     </span>
    </p>
   </div>
   <div class='ocr_carea' id='block_1_3' title="bbox 0 0 1466 4325">
    <p class='ocr_par' dir='ltr' id='par_1_10' title="bbox 0 0 1466 4325">
     <span class='ocr_line' id='line_1_29' title="bbox 0 0 1466 4325; baseline 0 0"><span class='ocrx_word' id='word_1_181' title='bbox 0 0 1466 4325; x_wconf 95' lang='lat' dir='ltr'> </span> 
     </span>
    </p>
   </div>
  </div>
 </body>
</html>
