<?xml version="1.0" encoding="UTF-8"?>
<!DOCTYPE html PUBLIC "-//W3C//DTD XHTML 1.0 Transitional//EN"
    "http://www.w3.org/TR/xhtml1/DTD/xhtml1-transitional.dtd">
<html xmlns="http://www.w3.org/1999/xhtml" xml:lang="en" lang="en">
 <head>
  <title>
</title>
<meta http-equiv="Content-Type" content="text/html;charset=utf-8" />
  <meta name='ocr-system' content='tesseract 3.04.00' />
  <meta name='ocr-capabilities' content='ocr_page ocr_carea ocr_par ocr_line ocrx_word'/>
</head>
<body>
  <div class='ocr_page' id='page_1' title='image "./publiivirgiliim00cappgoog/publiivirgiliim00cappgoog_0252.png"; bbox 0 0 2859 4325; ppageno 0'>
   <div class='ocr_carea' id='block_1_1' title="bbox 398 602 1138 660">
    <p class='ocr_par' dir='ltr' id='par_1_1' title="bbox 398 602 1138 660">
     <span class='ocr_line' id='line_1_1' title="bbox 398 602 1138 660; baseline -0.004 0"><span class='ocrx_word' id='word_1_1' title='bbox 398 602 1138 660; x_wconf 52' lang='lat' dir='ltr'><strong><em>m</em></strong></span> 
     </span>
    </p>
   </div>
   <div class='ocr_carea' id='block_1_2' title="bbox 418 743 1120 992">
    <p class='ocr_par' dir='ltr' id='par_1_2' title="bbox 418 743 1120 992">
     <span class='ocr_line' id='line_1_2' title="bbox 418 743 1120 838; baseline -0.007 0"><span class='ocrx_word' id='word_1_2' title='bbox 418 743 1120 838; x_wconf 85' lang='lat' dir='ltr'><em>ARGUMENTUM</em></span> 
     </span>
     <span class='ocr_line' id='line_1_3' title="bbox 491 911 1050 992; baseline -0.007 0"><span class='ocrx_word' id='word_1_3' title='bbox 491 912 679 992; x_wconf 90' lang='lat' dir='ltr'>LIBRI</span> <span class='ocrx_word' id='word_1_4' title='bbox 727 911 1050 990; x_wconf 85' lang='lat' dir='ltr'><strong>SECUNDI.</strong></span> 
     </span>
    </p>
   </div>
   <div class='ocr_carea' id='block_1_3' title="bbox 393 1043 1150 2121">
    <p class='ocr_par' dir='ltr' id='par_1_3' title="bbox 393 1043 1150 2121">
     <span class='ocr_line' id='line_1_4' title="bbox 396 1043 1142 1168; baseline -0.001 -17"><span class='ocrx_word' id='word_1_5' title='bbox 396 1043 466 1157; x_wconf 86' lang='lat' dir='ltr'><em>N</em></span> <span class='ocrx_word' id='word_1_6' title='bbox 457 1107 480 1151; x_wconf 79' lang='grc' dir='ltr'><em>Α</em></span> <span class='ocrx_word' id='word_1_7' title='bbox 487 1106 597 1150; x_wconf 73' lang='lat' dir='ltr'><em>nun</em></span> <span class='ocrx_word' id='word_1_8' title='bbox 623 1084 732 1150; x_wconf 78' lang='lat' dir='ltr'><em>Didoni</em></span> <span class='ocrx_word' id='word_1_9' title='bbox 762 1090 870 1150; x_wconf 83' lang='lat' dir='ltr'><em>AEneas</em></span> <span class='ocrx_word' id='word_1_10' title='bbox 902 1085 1017 1168; x_wconf 71' lang='lat' dir='ltr'><em>Troiani</em></span> <span class='ocrx_word' id='word_1_11' title='bbox 1045 1088 1142 1151; x_wconf 84' lang='lat' dir='ltr'><em>excidii</em></span> 
     </span>
     <span class='ocr_line' id='line_1_5' title="bbox 393 1190 1144 1276; baseline 0.003 -23"><span class='ocrx_word' id='word_1_12' title='bbox 393 1193 486 1276; x_wconf 87' lang='lat' dir='ltr'><em>seriem</em></span> <span class='ocrx_word' id='word_1_13' title='bbox 507 1215 521 1266; x_wconf 89' lang='lat'><em>;</em></span> <span class='ocrx_word' id='word_1_14' title='bbox 544 1216 576 1254; x_wconf 89' lang='lat' dir='ltr'><em>ea</em></span> <span class='ocrx_word' id='word_1_15' title='bbox 600 1195 635 1276; x_wconf 75' lang='lat' dir='ltr'><em>est</em></span> <span class='ocrx_word' id='word_1_16' title='bbox 660 1190 795 1274; x_wconf 77' lang='lat' dir='ltr'><em>ejusmodi.</em></span> <span class='ocrx_word' id='word_1_17' title='bbox 824 1193 914 1254; x_wconf 78' lang='lat' dir='ltr'><em>Gracci</em></span> <span class='ocrx_word' id='word_1_18' title='bbox 941 1195 1052 1254; x_wconf 80' lang='lat' dir='ltr'><em>decenni</em></span> <span class='ocrx_word' id='word_1_19' title='bbox 1081 1195 1144 1255; x_wconf 85' lang='lat' dir='ltr'><em>bello</em></span> 
     </span>
     <span class='ocr_line' id='line_1_6' title="bbox 396 1296 1144 1382; baseline 0.001 -23"><span class='ocrx_word' id='word_1_20' title='bbox 396 1299 462 1382; x_wconf 78' lang='lat' dir='ltr'><em>peni</em></span> <span class='ocrx_word' id='word_1_21' title='bbox 477 1296 582 1380; x_wconf 68' lang='lat' dir='ltr'><em>fracti,</em></span> <span class='ocrx_word' id='word_1_22' title='bbox 600 1299 662 1358; x_wconf 92' lang='lat' dir='ltr'><em>dolo</em></span> <span class='ocrx_word' id='word_1_23' title='bbox 683 1319 775 1380; x_wconf 82' lang='lat' dir='ltr'><em>capere</em></span> <span class='ocrx_word' id='word_1_24' title='bbox 791 1299 877 1358; x_wconf 87' lang='lat' dir='ltr'><em>urbem</em></span> <span class='ocrx_word' id='word_1_25' title='bbox 895 1301 1058 1382; x_wconf 76' lang='lat' dir='ltr'><em>constituunt</em></span> <span class='ocrx_word' id='word_1_26' title='bbox 1073 1321 1081 1360; x_wconf 91' lang='lat'>:</span> <span class='ocrx_word' id='word_1_27' title='bbox 1092 1299 1144 1381; x_wconf 78' lang='lat' dir='ltr'><em>fic-</em></span> 
     </span>
     <span class='ocr_line' id='line_1_7' title="bbox 398 1403 1145 1486; baseline 0.004 -23"><span class='ocrx_word' id='word_1_28' title='bbox 398 1426 461 1486; x_wconf 77' lang='lat' dir='ltr'><em>garn</em></span> <span class='ocrx_word' id='word_1_29' title='bbox 478 1406 609 1485; x_wconf 76' lang='lat' dir='ltr'><em>simulant</em></span> <span class='ocrx_word' id='word_1_30' title='bbox 620 1425 634 1477; x_wconf 90' lang='lat'><em>,·</em></span> <span class='ocrx_word' id='word_1_31' title='bbox 656 1405 728 1464; x_wconf 89' lang='lat' dir='ltr'><em>circa</em></span> <span class='ocrx_word' id='word_1_32' title='bbox 748 1404 877 1464; x_wconf 81' lang='lat' dir='ltr'><em>Tenedum</em></span> <span class='ocrx_word' id='word_1_33' title='bbox 898 1403 1014 1484; x_wconf 85' lang='lat' dir='ltr'><em>insulam</em></span> <span class='ocrx_word' id='word_1_34' title='bbox 1039 1406 1123 1466; x_wconf 85' lang='lat' dir='ltr'><em>lacent</em></span> <span class='ocrx_word' id='word_1_35' title='bbox 1132 1427 1145 1478; x_wconf 88' lang='lat'><em>,·</em></span> 
     </span>
     <span class='ocr_line' id='line_1_8' title="bbox 400 1507 1146 1592; baseline 0.001 -23"><span class='ocrx_word' id='word_1_36' title='bbox 400 1531 493 1590; x_wconf 85' lang='lat' dir='ltr'><em>equum</em></span> <span class='ocrx_word' id='word_1_37' title='bbox 510 1511 658 1591; x_wconf 85' lang='lat' dir='ltr'><em>relinquunt</em></span> <span class='ocrx_word' id='word_1_38' title='bbox 673 1511 701 1569; x_wconf 92' lang='lat' dir='ltr'><em>in</em></span> <span class='ocrx_word' id='word_1_39' title='bbox 720 1510 812 1592; x_wconf 83' lang='lat' dir='ltr'><em>castris</em></span> <span class='ocrx_word' id='word_1_40' title='bbox 825 1552 835 1582; x_wconf 93' lang='lat'>‚</span> <span class='ocrx_word' id='word_1_41' title='bbox 849 1507 937 1590; x_wconf 69' lang='lat' dir='ltr'><em>situm</em></span> <span class='ocrx_word' id='word_1_42' title='bbox 954 1510 1028 1572; x_wconf 81' lang='lat' dir='ltr'><em>incus</em></span> <span class='ocrx_word' id='word_1_43' title='bbox 1054 1513 1146 1572; x_wconf 90' lang='lat' dir='ltr'><em>militi·</em></span> 
     </span>
     <span class='ocr_line' id='line_1_9' title="bbox 402 1612 1147 1696; baseline 0 -20"><span class='ocrx_word' id='word_1_44' title='bbox 402 1619 460 1677; x_wconf 82' lang='lat' dir='ltr'><em>bus.</em></span> <span class='ocrx_word' id='word_1_45' title='bbox 481 1619 543 1696; x_wconf 85' lang='lat' dir='ltr'><em>Quo</em></span> <span class='ocrx_word' id='word_1_46' title='bbox 563 1637 611 1696; x_wconf 87' lang='lat' dir='ltr'><em>per</em></span> <span class='ocrx_word' id='word_1_47' title='bbox 621 1612 746 1696; x_wconf 73' lang='lat' dir='ltr'><em>ftauden</em></span> <span class='ocrx_word' id='word_1_48' title='bbox 764 1615 895 1687; x_wconf 80' lang='lat' dir='ltr'><em>Sinonis,</em></span> <span class='ocrx_word' id='word_1_49' title='bbox 914 1617 959 1676; x_wconf 88' lang='lat' dir='ltr'><em>cui</em></span> <span class='ocrx_word' id='word_1_50' title='bbox 973 1617 1059 1696; x_wconf 83' lang='lat' dir='ltr'><em>fidem</em></span> <span class='ocrx_word' id='word_1_51' title='bbox 1081 1637 1147 1679; x_wconf 87' lang='lat' dir='ltr'><em>rnors</em></span> 
     </span>
     <span class='ocr_line' id='line_1_10' title="bbox 402 1718 1148 1800; baseline 0 -18"><span class='ocrx_word' id='word_1_52' title='bbox 402 1722 567 1782; x_wconf 68' lang='lat' dir='ltr'><em>Laocoontis</em></span> <span class='ocrx_word' id='word_1_53' title='bbox 580 1718 716 1800; x_wconf 55' lang='lat' dir='ltr'><em>paciebat,</em></span> <span class='ocrx_word' id='word_1_54' title='bbox 736 1722 764 1780; x_wconf 93' lang='lat' dir='ltr'><em>in</em></span> <span class='ocrx_word' id='word_1_55' title='bbox 781 1721 867 1780; x_wconf 76' lang='lat' dir='ltr'><em>urbem</em></span> <span class='ocrx_word' id='word_1_56' title='bbox 883 1721 1011 1795; x_wconf 70' lang='lat' dir='ltr'><em>indubio,</em></span> <span class='ocrx_word' id='word_1_57' title='bbox 1027 1727 1101 1782; x_wconf 74' lang='lat' dir='ltr'><em>oollu</em></span> <span class='ocrx_word' id='word_1_58' title='bbox 1113 1743 1148 1781; x_wconf 90' lang='lat' dir='ltr'><em>re·</em></span> 
     </span>
     <span class='ocr_line' id='line_1_11' title="bbox 399 1823 1148 1908; baseline 0.001 -23"><span class='ocrx_word' id='word_1_59' title='bbox 399 1825 489 1908; x_wconf 80' lang='lat' dir='ltr'><em>serato</em></span> <span class='ocrx_word' id='word_1_60' title='bbox 512 1823 569 1905; x_wconf 77' lang='lat' dir='ltr'><em>ejus</em></span> <span class='ocrx_word' id='word_1_61' title='bbox 589 1844 662 1886; x_wconf 87' lang='lat' dir='ltr'><em>utero</em></span> <span class='ocrx_word' id='word_1_62' title='bbox 691 1827 782 1886; x_wconf 82' lang='lat' dir='ltr'><em>Gracci</em></span> <span class='ocrx_word' id='word_1_63' title='bbox 801 1842 967 1907; x_wconf 73' lang='lat' dir='ltr'><em>erumpunt3</em></span> <span class='ocrx_word' id='word_1_64' title='bbox 988 1827 1148 1908; x_wconf 81' lang='lat' dir='ltr'><em>admiffoque</em></span> 
     </span>
     <span class='ocr_line' id='line_1_12' title="bbox 404 1929 1148 2013; baseline 0.001 -23"><span class='ocrx_word' id='word_1_65' title='bbox 404 1933 542 2004; x_wconf 85' lang='lat' dir='ltr'><em>exercitu,</em></span> <span class='ocrx_word' id='word_1_66' title='bbox 562 1929 670 2011; x_wconf 80' lang='lat' dir='ltr'><em>Trojam</em></span> <span class='ocrx_word' id='word_1_67' title='bbox 682 1929 756 2012; x_wconf 80' lang='lat' dir='ltr'><em>ferro</em></span> <span class='ocrx_word' id='word_1_68' title='bbox 774 1929 801 1990; x_wconf 74' lang='lat' dir='ltr'><em>o</em></span> <span class='ocrx_word' id='word_1_69' title='bbox 820 1931 880 2013; x_wconf 80' lang='lat' dir='ltr'><em>igne</em></span> <span class='ocrx_word' id='word_1_70' title='bbox 894 1930 1070 2012; x_wconf 80' lang='lat' dir='ltr'><em>populantur.</em></span> <span class='ocrx_word' id='word_1_71' title='bbox 1085 1934 1148 1994; x_wconf 84' lang='lat' dir='ltr'><em>Ad-</em></span> 
     </span>
     <span class='ocr_line' id='line_1_13' title="bbox 403 2035 1150 2121; baseline -0.001 -24"><span class='ocrx_word' id='word_1_72' title='bbox 403 2053 522 2097; x_wconf 89' lang='lat' dir='ltr'><em>monetur</em></span> <span class='ocrx_word' id='word_1_73' title='bbox 540 2039 569 2096; x_wconf 91' lang='lat' dir='ltr'><em>in</em></span> <span class='ocrx_word' id='word_1_74' title='bbox 583 2037 686 2116; x_wconf 75' lang='lat' dir='ltr'><em>firmnr&#39;s</em></span> <span class='ocrx_word' id='word_1_75' title='bbox 702 2040 808 2098; x_wconf 88' lang='lat' dir='ltr'><em>AEneas</em></span> <span class='ocrx_word' id='word_1_76' title='bbox 829 2039 864 2097; x_wconf 79' lang='lat' dir='ltr'><em>ab</em></span> <span class='ocrx_word' id='word_1_77' title='bbox 884 2039 1016 2111; x_wconf 78' lang='lat' dir='ltr'><em>Hellore,</em></span> <span class='ocrx_word' id='word_1_78' title='bbox 1037 2055 1070 2097; x_wconf 92' lang='lat' dir='ltr'><em>ut</em></span> <span class='ocrx_word' id='word_1_79' title='bbox 1080 2035 1150 2121; x_wconf 79' lang='lat' dir='ltr'><em>fiagri</em></span> 
     </span>
    </p>
   </div>
   <div class='ocr_carea' id='block_1_4' title="bbox 398 2140 1152 2435">
    <p class='ocr_par' dir='ltr' id='par_1_4' title="bbox 398 2140 1152 2435">
     <span class='ocr_line' id='line_1_14' title="bbox 398 2140 1151 2227; baseline 0.001 -25"><span class='ocrx_word' id='word_1_80' title='bbox 398 2143 453 2224; x_wconf 80' lang='lat' dir='ltr'><em>fibi</em></span> <span class='ocrx_word' id='word_1_81' title='bbox 477 2140 624 2224; x_wconf 80' lang='lat' dir='ltr'><em>conficiat:</em></span> <span class='ocrx_word' id='word_1_82' title='bbox 643 2145 751 2205; x_wconf 85' lang='lat' dir='ltr'><em>AEneos</em></span> <span class='ocrx_word' id='word_1_83' title='bbox 770 2162 875 2205; x_wconf 86' lang='lat' dir='ltr'><em>mortem</em></span> <span class='ocrx_word' id='word_1_84' title='bbox 896 2140 970 2227; x_wconf 76' lang='lat' dir='ltr'><em>suga</em></span> <span class='ocrx_word' id='word_1_85' title='bbox 988 2141 1151 2225; x_wconf 79' lang='lat' dir='ltr'><em>praeferens,</em></span> 
     </span>
     <span class='ocr_line' id='line_1_15' title="bbox 404 2248 1151 2330; baseline -0.001 -21"><span class='ocrx_word' id='word_1_86' title='bbox 404 2249 496 2309; x_wconf 70' lang='lat' dir='ltr'><em>coalld</em></span> <span class='ocrx_word' id='word_1_87' title='bbox 511 2271 612 2320; x_wconf 88' lang='lat' dir='ltr'><em>manu,</em></span> <span class='ocrx_word' id='word_1_88' title='bbox 630 2251 740 2310; x_wconf 76' lang='lat' dir='ltr'><em>Graecos</em></span> <span class='ocrx_word' id='word_1_89' title='bbox 755 2249 857 2329; x_wconf 81' lang='lat' dir='ltr'><em>aliquot</em></span> <span class='ocrx_word' id='word_1_90' title='bbox 873 2250 974 2321; x_wconf 75' lang='lat' dir='ltr'><em>eudit3</em></span> <span class='ocrx_word' id='word_1_91' title='bbox 988 2248 1151 2330; x_wconf 60' lang='lat' dir='ltr'><em>fitmptisqffl</em></span> 
     </span>
     <span class='ocr_line' id='line_1_16' title="bbox 405 2350 1152 2435; baseline 0.001 -22"><span class='ocrx_word' id='word_1_92' title='bbox 405 2376 492 2414; x_wconf 89' lang='lat' dir='ltr'><em>eorurn</em></span> <span class='ocrx_word' id='word_1_93' title='bbox 507 2357 587 2415; x_wconf 87' lang='lat' dir='ltr'><em>armis</em></span> <span class='ocrx_word' id='word_1_94' title='bbox 599 2398 608 2425; x_wconf 91' lang='lat'>,</span> <span class='ocrx_word' id='word_1_95' title='bbox 620 2354 729 2434; x_wconf 77' lang='lat' dir='ltr'><em>ficorum</em></span> <span class='ocrx_word' id='word_1_96' title='bbox 745 2353 805 2413; x_wconf 88' lang='lat' dir='ltr'><em>telis</em></span> <span class='ocrx_word' id='word_1_97' title='bbox 814 2350 871 2432; x_wconf 80' lang='lat' dir='ltr'><em>seri</em></span> <span class='ocrx_word' id='word_1_98' title='bbox 886 2353 1012 2414; x_wconf 85' lang='lat' dir='ltr'><em>obruitur.</em></span> <span class='ocrx_word' id='word_1_99' title='bbox 1029 2357 1075 2414; x_wconf 89' lang='lat' dir='ltr'><em>At</em></span> <span class='ocrx_word' id='word_1_100' title='bbox 1089 2352 1152 2435; x_wconf 82' lang='lat' dir='ltr'><em>vos-</em></span> 
     </span>
    </p>
   </div>
   <div class='ocr_carea' id='block_1_5' title="bbox 405 2457 1183 3381">
    <p class='ocr_par' dir='ltr' id='par_1_5' title="bbox 405 2457 1183 3381">
     <span class='ocr_line' id='line_1_17' title="bbox 405 2457 1152 2544; baseline 0 -25"><span class='ocrx_word' id='word_1_101' title='bbox 405 2460 467 2521; x_wconf 87' lang='lat' dir='ltr'><em>tatd</em></span> <span class='ocrx_word' id='word_1_102' title='bbox 490 2462 589 2544; x_wconf 77' lang='lat' dir='ltr'><em>regii,</em></span> <span class='ocrx_word' id='word_1_103' title='bbox 615 2463 727 2521; x_wconf 88' lang='lat' dir='ltr'><em>Priarno</em></span> <span class='ocrx_word' id='word_1_104' title='bbox 754 2460 855 2540; x_wconf 81' lang='lat' dir='ltr'><em>Pyrrhi</em></span> <span class='ocrx_word' id='word_1_105' title='bbox 885 2481 965 2518; x_wconf 83' lang='lat' dir='ltr'><em>ntanu</em></span> <span class='ocrx_word' id='word_1_106' title='bbox 992 2457 1152 2539; x_wconf 74' lang='lat' dir='ltr'><em>interfiilo,</em></span> 
     </span>
     <span class='ocr_line' id='line_1_18' title="bbox 405 2564 1155 2647; baseline 0.001 -23"><span class='ocrx_word' id='word_1_107' title='bbox 405 2567 513 2624; x_wconf 85' lang='lat' dir='ltr'><em>AEneas</em></span> <span class='ocrx_word' id='word_1_108' title='bbox 537 2569 641 2626; x_wconf 84' lang='lat' dir='ltr'><em>domum</em></span> <span class='ocrx_word' id='word_1_109' title='bbox 667 2568 836 2636; x_wconf 81' lang='lat' dir='ltr'><em>revertitur,</em></span> <span class='ocrx_word' id='word_1_110' title='bbox 861 2564 990 2646; x_wconf 78' lang='lat' dir='ltr'><em>Anchisa</em></span> <span class='ocrx_word' id='word_1_111' title='bbox 1016 2568 1092 2645; x_wconf 90' lang='lat' dir='ltr'><em>patri</em></span> <span class='ocrx_word' id='word_1_112' title='bbox 1105 2565 1155 2647; x_wconf 91' lang='lat' dir='ltr'><em>sa·</em></span> 
     </span>
     <span class='ocr_line' id='line_1_19' title="bbox 405 2667 1158 2752; baseline 0.001 -24"><span class='ocrx_word' id='word_1_113' title='bbox 405 2690 452 2728; x_wconf 88' lang='lat' dir='ltr'><em>cra</em></span> <span class='ocrx_word' id='word_1_114' title='bbox 480 2671 643 2748; x_wconf 82' lang='lat' dir='ltr'><em>Penatesque</em></span> <span class='ocrx_word' id='word_1_115' title='bbox 671 2670 839 2739; x_wconf 86' lang='lat' dir='ltr'><em>committit,</em></span> <span class='ocrx_word' id='word_1_116' title='bbox 864 2667 924 2748; x_wconf 80' lang='lat' dir='ltr'><em>ficis</em></span> <span class='ocrx_word' id='word_1_117' title='bbox 955 2692 1012 2728; x_wconf 84' lang='lat' dir='ltr'><em>curn</em></span> <span class='ocrx_word' id='word_1_118' title='bbox 1045 2672 1158 2752; x_wconf 88' lang='lat' dir='ltr'><em>imponit</em></span> 
     </span>
     <span class='ocr_line' id='line_1_20' title="bbox 407 2771 1157 2854; baseline -0.003 -18"><span class='ocrx_word' id='word_1_119' title='bbox 407 2775 521 2836; x_wconf 79' lang='lat' dir='ltr'><em>humeris</em></span> <span class='ocrx_word' id='word_1_120' title='bbox 528 2796 542 2845; x_wconf 92' lang='lat'><em>;</em></span> <span class='ocrx_word' id='word_1_121' title='bbox 561 2773 588 2831; x_wconf 72' lang='lat' dir='ltr'><em>fr</em></span> <span class='ocrx_word' id='word_1_122' title='bbox 605 2794 662 2832; x_wconf 91' lang='lat' dir='ltr'><em>curn</em></span> <span class='ocrx_word' id='word_1_123' title='bbox 680 2771 802 2853; x_wconf 80' lang='lat' dir='ltr'><em>Ascanio</em></span> <span class='ocrx_word' id='word_1_124' title='bbox 815 2773 900 2852; x_wconf 85' lang='lat' dir='ltr'><em>filio,</em></span> <span class='ocrx_word' id='word_1_125' title='bbox 920 2774 1066 2854; x_wconf 81' lang='lat' dir='ltr'><em>Creiisdque</em></span> <span class='ocrx_word' id='word_1_126' title='bbox 1085 2798 1157 2836; x_wconf 87' lang='lat' dir='ltr'><em>uxo·</em></span> 
     </span>
     <span class='ocr_line' id='line_1_21' title="bbox 407 2877 1157 2962; baseline 0.003 -23"><span class='ocrx_word' id='word_1_127' title='bbox 407 2902 460 2954; x_wconf 90' lang='lat' dir='ltr'><em>re,</em></span> <span class='ocrx_word' id='word_1_128' title='bbox 479 2879 576 2962; x_wconf 76' lang='lat' dir='ltr'><em>fingam</em></span> <span class='ocrx_word' id='word_1_129' title='bbox 600 2880 705 2959; x_wconf 86' lang='lat' dir='ltr'><em>arripit.</em></span> <span class='ocrx_word' id='word_1_130' title='bbox 731 2881 804 2938; x_wconf 90' lang='lat' dir='ltr'><em>Mox</em></span> <span class='ocrx_word' id='word_1_131' title='bbox 828 2877 923 2957; x_wconf 81' lang='lat' dir='ltr'><em>orniffii</em></span> <span class='ocrx_word' id='word_1_132' title='bbox 950 2881 1018 2938; x_wconf 84' lang='lat' dir='ltr'><em>inter</em></span> <span class='ocrx_word' id='word_1_133' title='bbox 1044 2884 1157 2941; x_wconf 87' lang='lat' dir='ltr'><em>eundum</em></span> 
     </span>
     <span class='ocr_line' id='line_1_22' title="bbox 410 2984 1183 3065; baseline -0.001 -19"><span class='ocrx_word' id='word_1_134' title='bbox 410 2986 529 3056; x_wconf 72' lang='lat' dir='ltr'><em>crciari,</em></span> <span class='ocrx_word' id='word_1_135' title='bbox 547 2988 597 3045; x_wconf 90' lang='lat' dir='ltr'><em>iter</em></span> <span class='ocrx_word' id='word_1_136' title='bbox 610 2988 649 3044; x_wconf 88' lang='lat' dir='ltr'><em>ad</em></span> <span class='ocrx_word' id='word_1_137' title='bbox 660 3007 718 3045; x_wconf 88' lang='lat' dir='ltr'><em>earn</em></span> <span class='ocrx_word' id='word_1_138' title='bbox 734 2986 897 3065; x_wconf 76' lang='lat' dir='ltr'><em>quaerendam</em></span> <span class='ocrx_word' id='word_1_139' title='bbox 915 2984 1024 3064; x_wconf 80' lang='lat' dir='ltr'><em>relegit:</em></span> <span class='ocrx_word' id='word_1_140' title='bbox 1043 2988 1159 3045; x_wconf 88' lang='lat' dir='ltr'><em>occurrit</em></span> <span class='ocrx_word' id='word_1_141' title='bbox 1181 3051 1183 3058; x_wconf 56' lang='grc'>,</span> 
     </span>
     <span class='ocr_line' id='line_1_23' title="bbox 409 3088 1158 3167; baseline 0.003 -18"><span class='ocrx_word' id='word_1_142' title='bbox 409 3108 515 3150; x_wconf 84' lang='lat' dir='ltr'><em>rnortuae</em></span> <span class='ocrx_word' id='word_1_143' title='bbox 535 3091 628 3149; x_wconf 88' lang='lat' dir='ltr'><em>uxoris</em></span> <span class='ocrx_word' id='word_1_144' title='bbox 645 3090 757 3161; x_wconf 87' lang='lat' dir='ltr'><em>umbra,</em></span> <span class='ocrx_word' id='word_1_145' title='bbox 776 3106 908 3167; x_wconf 87' lang='lat' dir='ltr'><em>monetque</em></span> <span class='ocrx_word' id='word_1_146' title='bbox 926 3088 957 3167; x_wconf 87' lang='lat' dir='ltr'><em>sc</em></span> <span class='ocrx_word' id='word_1_147' title='bbox 977 3113 996 3147; x_wconf 90' lang='grc' dir='ltr'><em>α</em></span> <span class='ocrx_word' id='word_1_148' title='bbox 1014 3092 1112 3164; x_wconf 81' lang='lat' dir='ltr'><em>Cybele</em></span> <span class='ocrx_word' id='word_1_149' title='bbox 1130 3094 1158 3151; x_wconf 92' lang='lat' dir='ltr'><em>in</em></span> 
     </span>
     <span class='ocr_line' id='line_1_24' title="bbox 408 3195 1159 3275; baseline 0.004 -22"><span class='ocrx_word' id='word_1_150' title='bbox 408 3196 531 3275; x_wconf 76' lang='lat' dir='ltr'><em>Phrygia</em></span> <span class='ocrx_word' id='word_1_151' title='bbox 549 3196 666 3253; x_wconf 82' lang='lat' dir='ltr'><em>detineri.</em></span> <span class='ocrx_word' id='word_1_152' title='bbox 683 3195 767 3252; x_wconf 92' lang='lat' dir='ltr'><em>Redit</em></span> <span class='ocrx_word' id='word_1_153' title='bbox 781 3195 827 3253; x_wconf 89' lang='lat' dir='ltr'><em>ille</em></span> <span class='ocrx_word' id='word_1_154' title='bbox 842 3196 869 3252; x_wconf 92' lang='lat' dir='ltr'><em>in</em></span> <span class='ocrx_word' id='word_1_155' title='bbox 886 3212 997 3254; x_wconf 88' lang='lat' dir='ltr'><em>montem</em></span> <span class='ocrx_word' id='word_1_156' title='bbox 1012 3196 1112 3269; x_wconf 86' lang='lat' dir='ltr'><em>Idam,</em></span> <span class='ocrx_word' id='word_1_157' title='bbox 1132 3197 1159 3256; x_wconf 70' lang='lat' dir='ltr'><em>fr</em></span> 
     </span>
     <span class='ocr_line' id='line_1_25' title="bbox 408 3297 860 3381; baseline 0 -23"><span class='ocrx_word' id='word_1_158' title='bbox 408 3320 465 3358; x_wconf 89' lang='lat' dir='ltr'><em>curn</em></span> <span class='ocrx_word' id='word_1_159' title='bbox 478 3298 563 3380; x_wconf 75' lang='lat' dir='ltr'><em>firciis</em></span> <span class='ocrx_word' id='word_1_160' title='bbox 579 3300 648 3362; x_wconf 87' lang='lat' dir='ltr'><em>mari</em></span> <span class='ocrx_word' id='word_1_161' title='bbox 659 3297 756 3381; x_wconf 77' lang='lat' dir='ltr'><em>ficgarn</em></span> <span class='ocrx_word' id='word_1_162' title='bbox 769 3315 860 3378; x_wconf 88' lang='lat' dir='ltr'><em>porat.</em></span> 
     </span>
    </p>
   </div>
   <div class='ocr_carea' id='block_1_6' title="bbox 0 0 1470 4325">
    <p class='ocr_par' dir='ltr' id='par_1_6' title="bbox 0 0 1470 4325">
     <span class='ocr_line' id='line_1_26' title="bbox 0 0 1470 4325; baseline 0 0"><span class='ocrx_word' id='word_1_163' title='bbox 0 0 1470 4325; x_wconf 95' lang='lat' dir='ltr'><em> </em></span> 
     </span>
    </p>
   </div>
  </div>
 </body>
</html>
