2859 4325
517 643 770 735 Licea
828 647 869 740 I.
1014 662 1070 762 67

318 817 382 871 Non
391 813 489 876 aliter,
499 814 581 885 quun
592 814 639 885 qui
651 816 763 870 adverso
773 816 824 870 vix
834 815 946 873 flumine
954 819 1072 873 lembum

319 911 452 985 Remigiis
467 911 585 983 subigit,
598 911 618 965 fi
632 913 738 967 brachia
754 913 827 970 forte
844 914 960 980 remitit,

319 1015 407 1084 Atque
421 1013 500 1065 illum
513 1011 543 1064 in
555 1026 674 1080 ptaeceps
689 1027 779 1081 prono
790 1011 859 1080 rapit
871 1015 963 1067 alveus
975 1012 1061 1067 amni.

355 1112 488 1165 Praetttea
502 1124 557 1163 tam
574 1109 634 1161 sunt
650 1107 754 1162 Arcturi
767 1109 849 1162 fideta
864 1110 962 1173 nobis,

320 1209 522 1276 Haedorumque
537 1205 594 1259 dies
612 1203 734 1258 servandi
751 1207 777 1258 δι
794 1205 897 1260 lucidus
913 1208 1035 1277 Anguis,
1062 1220 1113 1276 ²⁰5

320 1308 412 1374 Quam
419 1303 517 1374 quibus
527 1300 677 1372 inpattiam
687 1301 802 1354 ventosa
810 1318 860 1370 per
870 1320 978 1370 equora
987 1303 1073 1358 vectis

319 1404 426 1459 Pontus
442 1402 470 1455 δι
481 1397 595 1461 ostriferi
611 1398 700 1452 fauces
716 1411 853 1452 tentantur
866 1399 965 1468 Abydi.

320 1502 401 1555 Libra
417 1497 461 1552 die
475 1495 618 1576 somnique
632 1512 709 1565 pares
726 1494 772 1549 ubi
788 1495 881 1549 fecerit
897 1497 995 1562 horas,

321 1600 356 1651 Et
366 1596 485 1652 medium
496 1595 553 1649 luci
565 1608 644 1664 atque
655 1594 754 1648 umbris
765 1593 818 1660 jam
830 1593 927 1649 dividit
939 1597 1048 1649 orbem:

320 1696 470 1757 Exercete,
484 1692 555 1754 viti,
568 1708 680 1752 tamor,
698 1691 777 1746 serite
793 1693 892 1746 hordea
909 1693 1010 1760 campis
1064 1702 1118 1743 210

320 1791 415 1861 Usque
425 1792 473 1845 sub
490 1806 641 1844 extremum
652 1793 754 1844 brumae
766 1791 937 1845 intractabilis
950 1792 1073 1846 imbrem.

318 1889 379 1942 Nec
396 1906 454 1943 nou
471 1889 497 1943 u
511 1888 562 1942 lini
579 1889 694 1960 segetem
712 1889 739 1941 δι
755 1891 857 1942 cereale
873 1904 1010 1958 papaver,

319 1983 838 2054 Tempushumotegete‚&jamdudum
847 1984 1117 2044 incumberearattis:

319 2082 397 2134 Dum
411 2079 478 2134 ficta
495 2083 590 2134 tellure
607 2080 687 2144 licet,
704 2083 768 2134 dum
782 2082 873 2135 nubila
887 2085 1013 2152 pendent.

319 2181 392 2232 Vere
404 2178 470 2232 fabis
482 2178 550 2232 satio
560 2198 569 2239 ς
581 2194 639 2232 tum
649 2194 676 2232 te
686 2197 810 2249 quoque,
821 2179 942 2241 Medica,
952 2197 1043 2249 putres
1063 2193 1114 2247 ²¹5

320 2274 467 2344 Accipiunt
485 2275 568 2340 sulci,
587 2277 613 2328 δι
629 2276 707 2329 milio
724 2276 801 2329 venit
816 2295 902 2330 annua
920 2294 1001 2332 curat

320 2373 458 2426 Candidus
475 2372 572 2425 auratis
589 2374 675 2448 aperit
690 2374 751 2426 cuim
768 2373 895 2426 cornibus
909 2390 1009 2425 annum

320 2472 443 2535 Taurus,
461 2472 487 2523 &
504 2471 597 2524 averso
613 2473 710 2523 cedens
729 2469 810 2521 Canis
827 2468 926 2521 occidit
939 2468 1017 2522 astro.

321 2568 356 2620 At
371 2568 391 2619 fi
409 2567 542 2619 triticeam
558 2566 587 2619 in
602 2566 711 2619 meffem
729 2565 882 2636 robustaque
898 2566 966 2618 farra

321 2662 466 2716 Exercebis
485 2664 613 2728 humum,
630 2662 747 2733 solisque
763 2661 869 2716 instabis
886 2661 988 2718 aristis:
1063 2674 1117 2716 220

322 2757 392 2813 Ant'e
408 2759 458 2811 tibi
473 2761 535 2812 Eoae
552 2760 701 2815 Atlantides
717 2761 927 2821 abscondamur,

325 2855 488 2925 Gnossiaque
506 2857 620 2910 ardentis
636 2859 744 2911 decedat
759 2858 831 2911 stella
848 2858 982 2919 Cotonae,

323 2956 421 3007 Debita
431 2970 512 3023 quam
523 2954 602 3007 sulcis
613 2954 765 3007 committas
778 2954 878 3006 semina
889 2990 897 3017 ,
909 2951 1042 3022 quimque

323 3051 417 3105 invitae
434 3069 563 3122 properes
579 3052 641 3103 anni
658 3052 734 3119 spem
752 3052 858 3104 credere
873 3065 959 3103 tetrae.

324 3146 404 3199 Multi
421 3147 486 3201 ant'e
503 3149 625 3201 occasum
641 3146 721 3201 Maiae
737 3146 863 3215 coepete:
880 3145 925 3199 sed
945 3145 1007 3199 illos
1063 3160 1113 3213 225

323 3243 475 3311 Ex‘spedata
492 3244 566 3314 seges
583 3244 660 3297 vanis
679 3244 756 3298 eiufit
771 3243 865 3298 aristis.

324 3339 352 3395 Si
366 3340 434 3398 verti
452 3340 605 3412 viciamque
620 3342 690 3397 stret
701 3381 709 3408 ,
722 3343 860 3412 vilemque
873 3341 999 3408 faselum,
