2859 4325
371 798 420 852 η
516 768 936 886 4ΒυσοιιεΑ..

366 931 473 992 Canto.
486 950 545 1004 quae
559 935 672 994 solitus.
684 934 704 988 li
716 936 824 1006 qnando
837 946 955 1015 armenta¹
965 939 1098 1006 vocabat,

366 1029 504 1100 Amphion
520 1028 642 1085 Ditcaeus
655 1032 683 1084 io
697 1031 789 1086 noae
805 1033 970 1102 Aracyntho.

323 1141 339 1178 2
343 1142 355 1192 5
368 1129 425 1181 Nec
438 1129 494 1182 sum
509 1129 576 1183 adeo
591 1127 715 1183 informis
728 1146 736 1182 t
748 1146 833 1199 nuper
842 1147 886 1183 me
897 1130 927 1182 in
936 1131 1029 1185 littore
1040 1132 1117 1200 vidi,'

369 1226 437 1280 cnm
444 1227 576 1295 placidum
583 1227 756 1281 ventisllatet
763 1244 908 1288 mate3non
915 1245 967 1299 ego
976 1229 1116 1298 Daphnin,

366 1323 460 1378 Judice
476 1339 520 1388 te,
535 1339 671 1390 metuam,
688 1324 867 1394 linumquam
882 1325 955 1378 fallat
972 1325 1076 1397 imago.

368 1421 396 1474 Ο
409 1420 512 1486 tannim
529 1421 610 1475 libeat
623 1438 729 1476 meeum
745 1422 794 1475 tibi
809 1422 912 1476 sordida
928 1439 991 1476 tuta
1096 1428 1099 1433 ’

368 1523 457 1589 Atque
470 1519 587 1574 humiles
600 1520 720 1576 babitare
736 1521 826 1584 casas,
844 1521 869 1573 δι
886 1519 969 1591 figere
981 1537 1100 1586 cetvos,

325 1617 361 1671 30
372 1619 568 1688 Haedotumque
584 1634 691 1689 gregem
707 1616 790 1671 viridi
805 1619 968 1686 compellere
983 1617 1109 1673 hibisco!

367 1714 478 1768 Mecum
492 1714 545 1769 uni
560 1715 589 1770 in
603 1708 676 1769 'snvis
688 1714 826 1768 imitabere
836 1713 905 1766 Pana
921 1716 1055 1790 canendo.
1116 1763 1119 1768 .

367 1812 424 1866 Pan
440 1812 541 1882 primus
557 1815 674 1866 calamos
690 1811 752 1866 ceti
764 1811 927 1881 coniungere
944 1813 1035 1880 plutes

368 1910 484 1963 lnllituit
500 1916 509 1971 ς
523 1911 578 1965 Pan
592 1924 666 1964 curat
685 1925 773 1971 oves,
788 1907 936 1978 oviumque
950 1908 1101 1981 magistros.

369 2009 427 2061 Nec
445 2023 471 2061 te
487 2007 618 2078 poeniteat
633 2009 739 2062 calamo
752 2004 853 2060 trivill‘e
867 2007 1008 2061 labellum:

326 2083 358 2157 it
373 2107 438 2159 Haec
448 2107 539 2181 eadem
550 2121 580 2159 ut
590 2106 683 2172 sciret,
693 2105 758 2177 quid
767 2121 825 2158 non
833 2103 943 2157 iaciebat
952 2107 1110 2177 Amyntas?

371 2203 414 2257 Est
428 2203 495 2257 milti
511 2202 655 2272 disparibus
668 2205 769 2274 septem
785 2202 923 2272 eompalia
941 2202 1037 2257 cicutis

370 2302 483 2367 Fistula,
497 2301 639 2354 Damoetas
654 2303 728 2355 dono
743 2301 811 2354 mihi
827 2317 908 2371 quam
921 2299 994 2353 dedit
1012 2300 1104 2362 ol·im·‚

371 2402 405 2454 Et
416 2398 485 2454 dixit
495 2398 615 2452 moriens
626 2418 634 2455 t
645 2399 685 2451 Te
697 2415 767 2452 nunc
778 2400 856 2452 habet
871 2398 918 2451 iste
929 2398 1092 2453 seeundum:

370 2496 451 2550 Dixit
465 2499 605 2551 Damoetas
620 2517 631 2559 3
646 2496 746 2550 invidit
760 2496 853 2550 stultus
866 2496 1010 2567 Amyntas.

327 2601 365 2651 40
377 2598 505 2651 Praeterea
517 2598 648 2660 duo,nec
665 2594 723 2647 tuti
739 2592 807 2647 mihi
823 2595 894 2647 valle
910 2594 1027 2662 reperti,

374 2694 517 2763 Capreoli,
533 2693 626 2761 spatiis
641 2693 723 2746 etiam
741 2707 812 2745 nunc
827 2690 941 2760 pellibus
959 2694 1042 2753 albo,

373 2791 440 2844 Bina
454 2790 497 2843 die
512 2790 609 2841 liceant
624 2788 686 2842 ovis
702 2791 781 2841 ubera
799 2808 807 2844 t
822 2806 890 2858 quos
905 2788 953 2843 tibi
968 2790 1060 2843 servo.

373 2886 536 2957 Iampridem
549 2903 565 2939 a
579 2903 623 2940 me
639 2885 702 2939 illos
717 2887 849 2941 abducere
858 2887 993 2958 Thestylis
1008 2900 1085 2949 orat5
1107 2933 1111 2938 .

374 2985 406 3037 Et
420 2984 499 3038 faciet
512 3003 523 3047 5
539 2984 668 3054 quoniam
683 2984 790 3039 sordent
807 2984 857 3039 tibi
871 3000 981 3037 munera
996 2983 1098 3037 nostra.

329 3094 361 3144 45
377 3084 437 3136 Huc
451 3084 531 3147 ades,
547 3083 566 3135 ὂ
579 3082 697 3136 formose
713 3098 780 3151 puer
795 3080 866 3135 :tibi
881 3080 939 3134 lilia
951 3081 1038 3148 pleni-s

374 3180 441 3233 Eece
455 3180 544 3233 letum
553 3179 686 3249 Nympha
700 3176 829 3238 calathis;
842 3176 892 3229 tibi
903 3177 1011 3230 eandida
1021 3177 1107 3246 Nais,

376 3277 508 3331 Pallentes
522 3274 612 3330 'violas
627 3276 654 3329 δι
666 3276 767 3329 summa
780 3290 914 3344 papavera
930 3290 1062 3343 carpens.

376 3374 520 3427 Nareillum
536 3374 563 3425 δι
577 3372 673 3427 florem
687 3370 775 3443 jungit
791 3373 858 3425 bene
873 3370 971 3424 olentis
986 3372 1089 3428 anethi.

377 3471 447 3527 Tum
457 3509 466 3539 ,
476 3470 542 3527 cana
556 3485 635 3541 atque
646 3468 706 3525 aliis
720 3469 844 3525 intexens
859 3446 981 3524 loavibus
994 3469 1103 3535 hethi-s,
