2859 4325
368 648 420 723 42
550 613 912 700 Bucouzcr.
991 609 993 615 ’

322 791 358 837 ²0
369 780 491 850 Proieci)
503 779 624 834 extremi
641 778 761 834 moriens
775 793 865 833 tamen
881 781 1009 850 alloquor
1024 778 1105 849 hori·

369 867 460 948 Incipe
474 877 616 930 Maeualios
631 893 755 941 mecum,
773 893 833 929 mea
850 874 936 940 tibia,
951 879 1059 933 versus.

397 977 528 1029 Maeualus
540 965 717 1046 argutumque
727 954 822 1028 nemus
834 953 1121 1046 pinosqueloquenree

370 1076 481 1142 Semper
489 1074 567 1126 haber
574 1093 583 1136 3
594 1074 699 1142 semper
709 1072 843 1142 pastorum
856 1071 903 1125 ilie
914 1073 990 1125 audit
1001 1091 1122 1141 amores,

370 1171 510 1239 Panaque4
523 1168 570 1238 qui
581 1169 681 1238 primus
695 1171 811 1222 calamos
823 1184 880 1222 uon
891 1167 978 1240 paffns
991 1169 1104 1230 inerret.

326 1266 622 1335 251ncipe'Maenalios
638 1285 765 1329 mecum,
782 1284 840 1322 mea
856 1267 937 1332 tibia,
955 1270 1061 1322 versus.
1078 1304 1082 1309 -

407 1365 509 1434 Mopso
517 1366 678 1420 Nisadatur:
690 1364 763 1432 Quid
771 1381 828 1418 non
836 1366 972 1434 speremus
983 1370 1122 1425 amantes?

369 1464 520 1532 iungentur
535 1461 589 1527 jam
601 1465 719 1534 gryphes
733 1464 810 1533 equis
826 1481 836 1524 ι
852 1480 967 1533 aevoque
982 1465 1107 1534 sequenti

372 1563 441 1612 Cum
459 1560 569 1614 canibus
586 1559 674 1612 timidi
689 1559 801 1623 veu'enr
819 1561 860 1613 ad·
870 1562 967 1628 pocula
983 1561 1079 1615 damae.

372 1658 489 1727 Mopse,
507 1674 593 1710 novas
611 1656 699 1710 incide
715 1657 804 1710 faces:
817 1658 867 1711 ribi
883 1657 991 1713 ducitur
1006 1677 1089 1715 uxor.

327 1761 362 1817 30
372 1756 479 1826 Sparge,-
487 1754 592 1816 marite.
601 1770 696 1808 nuces:
707 1754 757 1807 ribi
766 1755 862 1810 deserit
868 1757 1004 1826 Hesperus
1011 1757 1122 1814 Oetam.

306 1864 309 1868 ’
330 1876 333 1883 ·
371 1851 463 1922 Incipe
478 1831 621 1907 Maeuaiios
637 1868 741 1906 meeum
752 1886 760 1916 ‚
773 1868 833 1905 mea
848 1853 931 1918 tibia,
947 1855 1053 1909 versus.

409 1949 437 2001 Ο
454 1948 537 2019 digno
552 1941 694 2015 corion&
705 1949 767 2002 vito
781 1953 787 2003 !
802 1951 864 2002 dum
880 1949 996 2020 despicis
1008 1969 1121 2022 omnes,

370 2048 500 2114 Dumque
510 2045 559 2099 ribi
568 2046 606 2099 est
617 2046 681 2099 odio
692 2062 752 2099 mea
762 2044 861 2110 fistula,
872 2048 989 2117 dumque
999 2053 1122 2119 camiso,

374 2144 567 2214 Hirsutumque
583 2144 775 2213 supercilium,
791 2144 968 2216 promiiiaque
984 2148 1083 2209 borbat

331 2258 363 2313 35
375 2245 431 2296 Nec
446 2258 539 2296 curare
555 2242 645 2294 Deum
660 2243 746 2296 credis
765 2242 888 2296 mortalia
905 2261 1080 2314 quemquam.

251 2326 253 2329 ’
285 2355 289 2362 ·
376 2340 468 2412 Incipe
485 2339 628 2395 Menalios
647 2356 772 2399 mecum.
790 2356 850 2393 mea
866 2340 952 2405 tibia,
970 2342 1075 2395 versor.

412 2438 524 2509 Sepibus
540 2439 570 2491 in
587 2437 683 2490 nostris
700 2454 809 2505 parvam
825 2451 852 2489 re
869 2437 971 2491 roscida
988 2442 1058 2491 mala

376 2538 460 2605 (Dux
473 2552 525 2607 ego
537 2535 624 2589 vester
635 2535 724 2603 eram)
736 2534 794 2588 vidi
804 2550 865 2587 cum
877 2551 962 2589 marre
975 2533 1122 2607 legemem}

377 2612 495 2686 Alterrb
510 2632 652 2686 undecimo
666 2647 724 2685 tum
741 2649 782 2685 me
796 2628 857 2702 jam
865 2647 971 2702 ceperat
985 2642 1089 2696 annun

331 2749 369 2797 40
377 2731 435 2785 Jam
452 2729 559 2801 fragiles
574 2735 695 2797 poterant
712 2746 727 2781 a
745 2730 814 2782 terri
833 2729 1107 2800 contingemamos.

377 2831 415 2882 Ut
431 2829 507 2894 vidi,
522 2844 552 2882 ut
568 2826 654 2898 perii,
669 2843 699 2881 ut
715 2846 759 2881 me
774 2831 860 2881 malus
875 2818 977 2881 abstulit
993 2834 1088 2885 error!

382 2926 472 2997 Incipe
486 2928 629 2982 Maeualios
645 2944 769 2991 mecum,
784 2944 843 2981 mea
861 2925 946 2985 tibia.
960 2926 1067 2979 versus.

417 3026 496 3078 Nunc
508 3026 579 3085 scio,
589 3024 653 3094 quid
662 3024 694 3077 fir
704 3026 806 3077 Amor:
817 3022 889 3077 duris
900 3023 929 3078 in
939 3024 1045 3078 cotibus
1055 3024 1122 3079 illum

334 3120 389 3172 Aut
400 3121 532 3186 Tmaros,
543 3135 589 3173 nur
599 3122 745 3189 Rhodope,
756 3134 800 3173 aut
811 3120 926 3174 extremi
938 3122 1115 3177 Garamantes

334 3233 368 3284 45
384 3218 441 3269 Nec
452 3216 556 3288 generis
567 3214 648 3269 nostri
659 3231 771 3284 puerum
782 3232 831 3269 nec
841 3215 977 3287 sauguinis
989 3254 997 3282 ,
1009 3220 1099 3272 edunt.

379 3311 472 3385 Incipe
486 3313 633 3368 Manalios
650 3329 757 3369 mecum
766 3349 774 3377 ‚
791 3329 851 3368 mea
866 3313 949 3381 tibia,
965 3316 1071 3371 versus.
