2859 4325
483 603 932 678 P‘uAErarro.
1070 604 1106 702 iij

302 751 528 834 pographiam,
550 747 703 810 novissunb
724 751 872 810 inventam
890 794 900 822 ,
921 769 957 823 ex
981 747 1109 810 Germa-

305 835 353 892 nia
374 833 507 893 Romam
526 833 682 891 attulerunt
705 830 821 912 Ipsam,
839 849 869 890 ut
886 846 966 911 patet
981 849 1016 889 erc
1035 831 1108 911 Epi·

305 911 377 973 stoiri
409 913 610 983 dedicatoria,
634 914 664 970 in
691 911 812 971 modurn
845 910 1045 980 Prasstionis,
1070 911 1107 969 ad

305 993 426 1053 Paulum
436 993 474 1054 11.
485 993 568 1053 Pom.
580 993 660 1053 Mart.
671 991 930 1053 curavitJoauurs
939 990 1108 1061 Annaeus,

309 1073 496 1134 Bibliothecae
508 1073 658 1134 Vaticanae
674 1071 847 1145 Praesecius,
866 1070 930 1153 post
946 1071 1106 1152 Episcopus

306 1154 488 1224 Aieriensrs,
510 1159 540 1212 in
561 1152 689 1215 Corsica.
717 1152 873 1232 Completa
902 1151 941 1211 est
969 1153 1106 1212 omnibus

305 1235 422 1317 Virgilii
435 1235 569 1315 operibus
582 1278 591 1306 ,
609 1235 708 1315 quibus
721 1232 904 1308 subjiciuntur
915 1233 970 1292 alia
983 1236 1108 1315 poema·

304 1316 344 1373 tia
360 1337 425 1396 quae
444 1313 496 1395 ipsi
515 1316 626 1396 vulgo,
642 1332 751 1373 temere
766 1315 852 1385 iicet,
869 1315 1046 1384 tribuuntur,
1062 1315 1105 1371 in-

306 1412 350 1456 ter
371 1418 434 1476 quae
455 1394 542 1476 Lrtfits
557 1397 700 1456 Poetarum
717 1397 746 1454 itt
768 1396 898 1475 Priapum
920 1415 928 1454 ε
948 1393 996 1453 sed
1017 1396 1105 1452 innu-

304 1479 393 1536 meris
420 1477 532 1537 mendis
562 1475 720 1549 abundat;
748 1473 937 1556 plurimasque
966 1474 1104 1535 lessiones

305 1559 436 1617 continet
449 1602 459 1631 ,
475 1557 607 1639 vulgares
619 1559 681 1619 &a
696 1557 815 1616 rationis
827 1555 904 1615 sensu
922 1554 1027 1614 alienas
1040 1578 1049 1628 3
1069 1576 1104 1615 ac

304 1637 422 1719 ipsam,
464 1661 531 1698 uam
552 1640 581 1696 in
604 1636 754 1698 consilium
776 1658 836 1696 non
857 1635 1008 1708 adhibuit,
1028 1637 1104 1696 bene

301 1716 443 1797 judicavit
493 1765 500 1778 .
519 1720 650 1791 Herum
670 1721 741 1799 qui,
758 1720 796 1776 ad
810 1720 922 1778 Poi'tam
941 1717 1026 1798 ipsum
1041 1720 1102 1776 iude

301 1823 429 1880 magnum
447 1799 560 1878 siusium
580 1802 654 1858 haud
672 1801 826 1880 exspectan
851 1798 950 1878 cuique
972 1819 1025 1857 trorr
1048 1800 1103 1856 ad·

301 1882 412 1940 rrrodt'ttrt
446 1882 521 1938 bottis
559 1882 694 1940 codicibus
727 1882 827 1939 Editor
849 1877 931 1960 fitiffit
965 1881 1101 1962 instruisrts

302 1961 431 2021 videtur.

346 2105 467 2179 Astera,
486 2104 533 2180 B,
555 2127 617 2187 quae
639 2104 751 2166 videtur
774 2104 815 2166 D.
837 2104 948 2167 Herna
968 2054 1099 2182 latuisse,

300 2188 395 2248 multo
417 2185 457 2248 est
478 2186 677 2269 praestantior,
699 2189 878 2259 accuratior,
899 2188 1098 2249 &codicibus

300 2271 513 2351 congruentior.
533 2268 600 2329 Sine
621 2269 684 2327 uisis
703 2269 916 2349 prolegomenis
935 2288 1027 2350 neque
1045 2270 1099 2328 ad·

300 2350 388 2421 ditis,
409 2351 478 2408 nihil
499 2352 626 2409 continet
643 2370 744 2430 prater
760 2351 913 2427 Bucolica,
941 2352 1097 2431 Georgica,

300 2433 331 2491 δὲ
346 2434 467 2491 AErteidt
480 2452 491 2502 ,·
511 2429 619 2511 ipsique
640 2432 772 2510 prioritas
785 2429 902 2486 debetur
917 2433 1026 2489 ratione
1044 2453 1096 2490 ac-

300 2510 519 2581 curationis‚sr
546 2533 606 2569 non
629 2508 687 2588 jam
715 2510 825 2567 obtinet
853 2510 963 2569 ratione
985 2513 1092 2570 aetatis:

300 2589 436 2671 Impressa
459 2589 498 2649 est
519 2590 621 2672 absque
642 2591 698 2648 ulii
718 2590 891 2648 indicatione
912 2607 959 2649 aut
977 2609 1095 2668 tempo-

300 2673 358 2745 ris,
379 2690 426 2731 aut
443 2672 522 2744 loci,
542 2690 588 2731 aut
602 2670 737 2744 artificis,
753 2671 828 2730 unde
845 2672 951 2751 prodiit
968 2693 974 2729 :
992 2690 1022 2731 at
1037 2673 1093 2733 Vir

300 2752 347 2813 Cl.
365 2752 406 2813 D.
426 2752 663 2823 Uesuuinus,
687 2751 888 2833 {mpreffornm
906 2751 1093 2812 Bibliotheca

300 2832 397 2916 Regiae
411 2832 537 2905 Custos„
555 2836 604 2913 qui
623 2833 705 2892 nobis
726 2835 856 2892 omnium
875 2854 938 2911 quae
955 2853 1043 2915 penes
1064 2834 1094 2907 se

300 2912 359 2973 sunt
376 2913 542 2973 facultatum
562 2913 729 2973 amicissime
750 2916 864 2994 copiam
882 2914 948 2972 secit
962 2959 971 2986 ,
983 2916 1011 2973 in
1029 2916 1093 2995 ipsi

300 2994 475 3076 recognoscit
495 2997 636 3053 Mentelt'ttr'
653 2995 701 3053 vel
722 2996 895 3065 Metireilirti,
918 3013 965 3053 aut
983 3000 1092 3055 Menti·

300 3076 327 3134 sii
343 3074 590 3156 Argentoratensrs
610 3075 791 3134 characteres.
809 3075 920 3147 Porro,
938 3075 987 3134 iste
1003 3081 1090 3135 Mett-

300 3157 374 3213 teliits
393 3155 444 3217 suit
465 3177 579 3215 coaevus
597 3158 678 3218 Joatt.
701 3158 863 3236 Gutterrbetg
878 3158 910 3217 &
927 3157 1007 3217 Joart.
1025 3160 1087 3232 Fufi

300 3236 343 3295 tel
362 3240 466 3317 Faufl,
490 3258 561 3315 quos
582 3255 671 3295 artem
689 3237 930 3318 typographicam
951 3230 1087 3296 invenisse

300 3315 406 3375 :ousiat
418 3339 424 3375 :
438 3316 511 3374 unde
526 3316 583 3397 ipsa
601 3318 687 3376 editio
708 3319 838 3375 habenda
856 3318 967 3375 videtur
979 3336 1008 3376 ut
1025 3322 1087 3377 Vir-

300 3398 355 3475 gitti
376 3399 473 3459 Editio
491 3400 646 3480 primaria,·
669 3401 700 3461 ὃι
721 3401 782 3459 haec
804 3401 904 3458 notitia
923 3399 1085 3479 Typogra-

905 3523 921 3560 a
942 3522 959 3580 ι]
