2859 4325
470 671 715 755 Lina
773 669 851 758 II.
975 682 1028 786 89

270 835 396 906 colaque
413 837 560 904 prelorum
576 835 685 888 fumosis
701 834 793 904 deripe
807 835 902 897 testim

272 937 335 988 Huc
347 952 411 1005 ager
422 934 469 987 ille
483 937 569 987 malus
581 971 590 994 ,
603 934 745 1003 dulcesque
757 953 771 987 a
785 935 903 988 fontibus
915 936 991 988 undae
1003 973 1010 999 ,

274 1035 442 1103 Adplenum
459 1035 612 1085 calcenturz'
628 1040 696 1100 aqua
711 1031 867 1085 eluslabitur
882 1035 972 1086 omnis

275 1130 402 1190 Scilicet.
421 1131 448 1182 δι
464 1130 576 1200 grandes
593 1129 669 1182 ibunt
684 1146 732 1197 per
748 1128 851 1181 vimina
865 1144 945 1198 guttae
952 1149 961 1191 3
1019 1145 1068 1198 245

275 1229 310 1280 At
324 1227 402 1296 sapor
416 1225 546 1279 indicium
562 1226 640 1279 faciet
657 1226 826 1290 manifestus,
842 1228 867 1278 ἂ
882 1244 929 1280 ota

275 1323 373 1377 Tristia
388 1323 540 1376 tentanttim
555 1323 630 1376 sensu
646 1323 783 1392 torquebit
797 1338 911 1376 amaror.

274 1421 384 1492 Pinguis
399 1422 465 1475 item
484 1435 542 1491 quae
555 1421 586 1473 fit
602 1425 699 1485 tellus,
714 1423 767 1474 hoc
784 1421 898 1492 denique
913 1422 989 1491 palio

274 1522 412 1574 Discimus
423 1539 430 1574 z
442 1521 512 1572 haud
523 1535 640 1588 unquam
653 1519 773 1572 manibus
786 1518 879 1583 instate
891 1521 1002 1587 fatiscit,

276 1618 326 1670 Sed
338 1610 406 1686 picis
419 1616 447 1667 in
458 1628 563 1668 morem
575 1617 606 1668 ad
618 1615 716 1685 digitos
728 1615 850 1668 lentescit
863 1617 991 1669 habendo.
1017 1631 1071 1683 250

274 1713 393 1767 Humida
407 1710 523 1776 majores
537 1713 629 1764 herbas
645 1713 714 1772 alit,
727 1712 835 1780 ipsaque
850 1710 933 1789 justo?

274 1812 386 1865 Letior.
399 1811 440 1862 Ah
455 1808 570 1861 nimidm
586 1825 619 1860 ne
633 1808 665 1860 srt
679 1808 746 1860 mihi
762 1808 858 1862 settilis
873 1809 933 1868 illa,

274 1911 335 1963 Neu
350 1909 376 1961 se
392 1907 565 1977 praeualidam
582 1905 676 1974 primis
691 1906 810 1959 ostendat
824 1905 925 1960 aristis!

274 2007 344 2073 Quae
359 2005 445 2076 gravis
458 2002 512 2066 est,
527 2003 586 2071 ipso
599 2003 705 2057 tacitam
719 2005 745 2057 se
754 2005 875 2085 pondere*
887 1983 999 2073 prodit‚'
1024 2052 1027 2057 .

274 2105 397 2172 Quaeque
404 2101 483 2154 levis.
490 2100 645 2169 Promptum
654 2101 689 2154 est
699 2102 783 2154 oculis
793 2101 946 2171 praediscere
956 2099 1069 2172 nigram,

273 2201 306 2254 Et
318 2200 378 2269 quis
392 2200 435 2253 cui
449 2201 536 2251 color.
549 2199 583 2249 At
595 2199 749 2254 sceleratum
760 2201 900 2270 exquirere
911 2199 993 2269 frigus
1014 2199 1064 2264 265

273 2297 392 2350 Difficile
408 2296 465 2348 est:
483 2298 566 2363 piceae
582 2299 683 2349 tanrdm
703 2299 812 2367 taxique
829 2311 958 2350 nocentes

274 2395 429 2453 Interdum,
449 2411 495 2446 aut
510 2396 612 2447 hederae
629 2398 749 2462 'pandunt
766 2394 875 2464 vestigia
894 2394 984 2461 nigre.

311 2493 362 2545 His
377 2491 583 2557 animadversis,
598 2509 694 2545 terram
710 2490 797 2545 mults)
810 2490 872 2545 ante
888 2504 1023 2543 memento

275 2589 1023 2659 Excoquere,litmagnosscrobibusconcideremontes,

275 2685 345 2739 Ante
359 2687 494 2754 supinatas
510 2687 639 2756 Aquiloni
654 2686 789 2740 ostendere
807 2690 895 2759 glebas
910 2723 917 2744 .
1015 2682 1065 2737 261

275 2783 363 2849 Qua'm
380 2786 470 2835 letum
487 2781 602 2834 infodias
617 2783 683 2837 vitis
699 2800 802 2852 genus3
815 2785 917 2851 optima
933 2781 1005 2849 putri

275 2881 345 2931 Arva
360 2880 419 2932 solo
435 2894 443 2930 t
462 2880 488 2932 id
505 2881 581 2931 venti
597 2894 706 2940 curant,
722 2880 868 2956 gelidaeque
885 2879 1005 2946 pruina,

275 2977 306 3028 Et
322 2975 448 3029 labefaCsa
464 2993 580 3028 movens
596 2975 716 3047 robustus
732 2974 821 3045 jugera
836 2974 928 3028 folior.

273 3073 307 3124 At
319 3073 356 3135 ,li
373 3090 444 3141 quos
459 3072 530 3124 haud
545 3074 597 3123 ulla
613 3072 689 3123 vitos
705 3070 847 3141 vigilantia
864 3070 948 3141 sugit.
984 3135 986 3138 ι
1013 3073 1063 3140 265

273 3166 341 3222 Ante
354 3172 448 3222 locum
466 3167 578 3221 similem
591 3169 753 3238 exquirunt,
767 3169 812 3221 ubi
822 3168 906 3238 prima
918 3184 1022 3236 paretur

274 3266 417 3320 Arboribus
436 3266 530 3335 seges,
548 3266 573 3318 ἃ
589 3264 643 3333 quo
660 3284 725 3320 mox
741 3266 835 3337 digesta
851 3268 968 3327 seratur;

274 3362 404 3419 Mutatam
423 3362 549 3437 ignorent
565 3362 700 3419 subitone
717 3364 817 3419 semina
834 3381 953 3418 matrem.
