2859 4325
504 497 871 601 dranus.
980 515 1062 627 ¹163
1112 595 1115 599 ,

319 669 491 736 'liresaurom
505 669 627 742 ignotum
643 668 746 740 argenti
759 670 864 738 pondus
880 671 906 724 δι
921 672 989 726 auri.

311 760 372 828 'Hie
389 779 528 822 commota
540 766 630 835 fugam
645 765 719 817 Dido
735 764 875 836 sociosque
891 769 1007 835 parabat.
1063 768 1116 838 360

323 860 518 922 Conveniunt,
534 845 629 931 quibus
643 872 689 913 aut
702 860 795 914 odium
808 864 912 916 crudele
927 863 1054 933 tyranni,

322 959 376 1012 Aut
392 974 480 1012 metus
493 975 552 1012 acer
567 973 644 1016 erar:
661 975 762 1020 naves,
778 977 836 1028 quae
850 959 922 1016 sorte
937 979 1050 1029 pararae,

324 1055 503 1126 corripiunt,
519 1070 683 1124 onerantque
696 1073 771 1109 auro.
787 1057 929 1112 Portantur
942 1060 1017 1115 avari

322 1153 509 1225 Pygmalionis
522 1169 588 1223 opes
602 1155 698 1223 pelago
714 1173 721 1206 t
737 1156 792 1206 dux
805 1155 904 1208 semina
917 1155 989 1212 sarii.
1106 1213 1113 1228 ⁸

321 1238 578 1316 Devenere'loeos,
591 1249 637 1303 ubi
653 1266 724 1302 nunc
741 1249 861 1319 ingentia
877 1267 969 1304 cernes
984 1281 986 1287 ·
1061 1254 1111 1323 365

320 1348 447 1414 Moenia,
461 1349 664 1420 surgentemque
686 1363 767 1401 novae
785 1345 953 1417 Carthaginis
967 1364 1071 1409 artent;

321 1446 488 1519 Mertatique
502 1447 589 1500 solum
601 1483 610 1510 ,
624 1443 686 1500 sarii
701 1446 733 1497 de
747 1443 859 1497 nomine
872 1445 997 1514 Byrsam,

320 1543 442 1598 Taurino
460 1559 586 1615 quantum
600 1541 705 1620 poffent
720 1541 882 1594 circumdare
897 1555 984 1611 tergo.
1108 1600 1113 1626 ς

309 1630 375 1696 ¹Sed
387 1659 439 1696 vos
448 1679 457 1706 ,
466 1642 514 1712 qui
525 1644 631 1696 tandem
642 1640 654 1691 ?
664 1639 760 1710 quibus
774 1651 818 1691 aut
826 1636 935 1692 venistis
946 1638 976 1691 ab
988 1636 1065 1694 oris?
1121 1653 1127 1667 ¹

320 1736 426 1804 Quove
436 1739 533 1793 teneris
543 1739 617 1793 iter?
631 1735 772 1805 Quaerenti
782 1735 878 1789 talibus
894 1735 940 1788 ille
1060 1748 1112 1804 370

320 1833 481 1902 Suspimnn,
496 1833 605 1905 imoque
622 1834 729 1887 trahens
746 1848 761 1885 a
776 1831 884 1900 pestere
901 1846 1015 1884 vorem:
1119 1838 1121 1843 '

359 1933 389 1988 0
404 1931 515 2000 Dea,-1i
531 1934 617 2005 primi
633 1949 755 2005 repetens
769 1931 802 1990 ab
818 1934 921 2007 origine
938 1949 1046 2006 pergam
1057 1949 1080 1997 5¹
1141 1968 1143 1975 ‹

318 2033 354 2086 Et
369 2046 449 2086 vacet
465 2034 572 2086 annales
589 2031 740 2086 nostrorum
757 2032 848 2087 audire
863 2033 1003 2087 laborumr

317 2129 478 2187 Antediem
493 2131 583 2186 clauso
596 2148 743 2201 componet
755 2132 856 2202 Vesper
872 2132 1005 2202 Olympo.
1036 2179 1039 2183 Α

318 2232 380 2285 Nos
397 2226 479 2293 Troia
495 2228 603 2297 antiqui
618 2227 660 2294 (fi
676 2228 774 2281 vestras
790 2224 860 2282 sorte
875 2243 923 2296 per
939 2241 1015 2279 aures
1058 2236 1111 2292 375
1145 2255 1148 2260 ·

318 2324 411 2389 Trojre
425 2341 526 2377 nomen
539 2324 592 2392 iit)
609 2324 713 2378 diversa
729 2341 777 2393 per
790 2340 897 2392 aequora
911 2322 1004 2376 verior

318 2423 401 2475 Forte
416 2421 462 2474 suit
477 2420 583 2492 Libycis
599 2420 739 2489 tempestas
753 2419 858 2489 appulit
875 2418 941 2471 oris.

319 2518 387 2575 Sum'
404 2520 466 2590 pius
477 2520 591 2585 AEneas,
606 2536 698 2590 raptos
715 2520 810 2590 quiex
826 2516 900 2571 hoste
916 2516 1025 2571 Penates

320 2615 407 2670 Classe
421 2618 493 2671 veho
506 2635 611 2671 mecum
623 2657 631 2681 ,
645 2618 714 2671 sarni
729 2618 808 2685 super
822 2616 918 2669 aerhera
933 2630 1022 2668 notus.

318 2712 424 2768 ltaliam
435 2731 526 2784 quaero
537 2714 665 2783 patriam,
677 2714 797 2783 &genus
809 2715 839 2764 ab
851 2712 920 2766 Jove
931 2710 1044 2762 summo.
1057 2710 1121 2778 33⁰.

319 2809 366 2862 Bis
378 2809 454 2862 denis
470 2809 615 2880 Phrygium
631 2810 774 2863 conscendi
791 2810 904 2862 navibus
918 2823 1029 2874 aequor,

318 2905 407 2958 Matre
418 2905 476 2958 Dei
489 2888 650 2960 monstrante
662 2906 753 2968 viam,
767 2907 824 2960 data
837 2906 888 2958 sata
899 2905 1023 2963 securusr
1102 2889 1106 2895 ¹

317 3001 374 3055 vix
386 3003 488 3072 septem
501 3005 635 3058 convulsa
651 3005 728 3058 undis
744 3006 865 3073 Euroque
880 3002 1028 3071 supersunt.

316 3100 376 3167 lpse
391 3099 518 3171 ignotus.
533 3086 631 3170 egens,
648 3100 740 3171 Libyae
757 3100 857 3155 deserta
871 3116 1000 3169 peragro,

317 3194 520 3266 Europamque
535 3196 593 3250 Asu
607 3198 707 3267 pulsus.
723 3199 777 3252 Nec
794 3177 867 3265 plura
882 3211 1035 3266 querentem
1054 3193 1105 3259 385
