2859 4325
413 705 415 709 <
488 656 723 738 Lrunn
786 649 873 743 VL
970 690 1043 774 3ss

312 821 472 874 concretam
490 819 590 874 exemit
608 821 713 885 labem,
733 837 884 890 purumque
901 821 1010 890 reliquit

310 909 464 971 AEtbtreum
479 916 604 979 sensum,
618 931 694 983 atque
710 917 782 969 aurai
799 918 925 987 simplicis
940 918 1042 989 ignem.

309 1013 364 1066 Has
374 1029 487 1075 omnes,
497 1014 543 1065 ubi
554 1012 628 1065 mille
637 1026 725 1065 rotam
734 1012 847 1066 volvere
858 1030 906 1083 per
914 1030 1018 1080 annor,

289 1132 291 1137 ·
307 1109 445 1162 Lethaeunt
453 1111 486 1162 ad
494 1107 608 1162 fluvium
617 1111 693 1162 Deus
701 1126 800 1164 evocat
809 1111 914 1180 agmine
923 1125 1040 1182 magnot

308 1205 595 1260 Scilicetimmemores
603 1206 696 1275 supera
704 1221 734 1260 ut
742 1223 864 1261 convexa
874 1208 1008 1274 revisant,
1045 1220 1100 1277 7ςο

308 1302 409 1355 Rursus
420 1302 447 1354 dt
458 1300 589 1370 incipiant
597 1301 627 1354 in
637 1318 751 1372 corpora
762 1304 957 1357 velle'reverti.
1003 1327 1005 1331 ¹

307 1399 423 1452 Dixerat
434 1398 575 1454 Anchises:
585 1414 746 1470 natumque,
754 1402 860 1469 unique
869 1400 997 1471 Sibyllam
1007 1437 1018 1461 ,

308 1495 467 1550 Conventus
476 1495 557 1550 rrtlrit
567 1494 596 1550 in
607 1496 711 1550 medios
721 1498 894 1566 ,turbamque
905 1496 1042 1550 sonantem
1053 1517 1062 1559 ς

308 1596 480 1647 Ettumulunr
488 1593 654 1663 eapit,unde
662 1609 758 1648 omnes
766 1597 849 1667 longo
859 1593 953 1647 ordine
961 1592 1039 1662 poffit

307 1691 442 1744 Adversos
453 1691 560 1762 legere,
571 1691 598 1743 dt
607 1688 766 1743 venientum
778 1689 877 1743 discere
888 1691 989 1765 vultus.
1043 1703 1094 1755 755

343 1785 656 1856 Nuntage,Dardrninm
664 1789 768 1856 prolem
775 1805 833 1856 que
840 1787 1062 1856 deindesequntur

309 1881 404 1936 Gloria
415 1922 422 1945 ,
434 1881 481 1951 qui
491 1896 616 1935 maneant
624 1878 735 1934 lrtldde
746 1898 824 1952 genre
835 1897 947 1950 nepotes
959 1921 968 1944 ‚

307 1978 422 2032 Illustres
433 1978 551 2043 animur,
562 1979 734 2048 nostrumque
744 1979 773 2033 in
785 1994 885 2033 nomen
896 1980 976 2032 ituras
988 2011 997 2038 ‚

308 2074 453 2143 Expeditum
470 2074 569 2141 dietis,
588 2076 615 2129 dt
632 2088 660 2130 re
677 2089 724 2130 tur
739 2076 793 2130 fatu
807 2077 924 2130 docebo.

306 2171 373 2235 ille,
388 2172 485 2237 vides,
501 2170 568 2240 puri
585 2170 692 2238 iuvenis
708 2171 757 2243 qui
775 2172 870 2227 nititur
884 2168 974 2237 hasti,
1042 2169 1096 2233 760

307 2265 435 2318 Proxima
448 2266 519 2319 sorte
536 2281 608 2318 tenet
623 2268 691 2320 lucis
706 2270 786 2328 locat
803 2268 906 2336 primus
924 2269 957 2321 nd
973 2283 1048 2320 auras

307 2360 442 2413 AEthereas
457 2360 524 2413 Italo
539 2362 703 2414 commixtus
719 2361 848 2431 sanguine
864 2362 952 2430 surget

306 2457 425 2520 Silvius,
443 2457 574 2510 Albanum
589 2472 709 2522 nomen,
725 2472 770 2510 rua
789 2454 908 2525 postuma
925 2458 1038 2524 proles:

307 2552 397 2618 Quem
415 2551 465 2605 tibi
480 2553 607 2621 longaevo
623 2551 711 2606 serum
729 2550 842 2604 Lavinio
859 2549 962 2615 coniux

307 2647 406 2703 Educet
422 2648 496 2701 filrir
514 2664 626 2719 regem,
642 2664 790 2719 regumque
807 2661 963 2717 parentent
1041 2645 1093 2711 765

306 2747 384 2800 Unde
399 2763 482 2819 genus
498 2747 591 2819 Longi
608 2746 727 2801 nostrum
743 2744 925 2802 dominabitur
938 2741 1015 2796 nlbt.

305 2842 446 2896 Proximus
460 2844 507 2896 ille
524 2843 640 2903 Procas,
655 2840 779 2906 Troiane
796 2841 882 2911 gloria
898 2838 1004 2909 gentis,

306 2940 347 2992 Et·
357 2937 467 3009 Capys,
483 2939 510 2992 dt
525 2937 670 3004 Numitor,
689 2938 718 2990 lt
734 2934 780 3006 qui
799 2949 826 2990 re
841 2934 953 2988 nomine
969 2918 1060 2986 reddet

305 3033 407 3088 Silvius
424 3033 544 3100 AEnear,
558 3033 656 3103 pariter
672 3032 773 3103 pietate
791 3034 837 3086 vel
856 3030 938 3085 armis

303 3128 1022 3203 Egregius,fiumquamregnandamaeceperitnlbrm.
1036 3140 1093 3191 77o

306 3226 362 3294 Qui
376 3224 488 3292 iuvenes
504 3242 615 3298 quantur
631 3227 781 3292 ostentant,
797 3227 905 3295 rspice,
922 3225 1017 3287 vires,

304 3325 393 3393 Atque
409 3324 528 3377 umbrata
542 3340 637 3395 gerunt
654 3325 731 3379 civili
746 3338 867 3394 tempora
880 3325 995 3391 quertul

306 3417 1048 3491 Hitibiliomentum&Gabior‚urbemquel³ideuam;
