2859 4325
454 690 456 694 v
537 630 839 723 rrrAErrrrnA.
978 658 1034 742 383

277 774 284 827 Ι
317 755 409 822 femie,
421 768 527 816 currentis
541 802 550 827 ,
567 784 614 815 uno
625 767 698 817 verbo
710 801 719 826 ,
735 768 802 816 navis
815 767 880 814 enim
896 779 946 814 non
959 769 1039 831 gradi-

277 869 284 906 l
317 839 375 903 cur,
393 842 434 893 sed
451 845 529 892 currit.
547 843 579 892 Et
592 842 635 892 iste
651 841 766 901 locutio,
784 839 827 906 ipii
845 841 948 906 Virgilio
964 846 1041 892 maxi-

276 932 282 982 fi
316 917 359 969 mi
376 919 409 968 est
424 918 547 967 familiaris
564 935 572 976 3
592 917 689 983 ipsique
706 915 774 966 unici
792 919 866 966 utitur
882 920 975 982 quoties
991 919 1042 982 agit

276 1026 280 1058 ,
318 993 351 1045 de
368 998 454 1045 itinere
472 998 538 1045 navit
552 993 592 1044 vel
608 994 700 1042 clariis:
715 994 807 1044 littore
827 994 892 1056 eursu
906 995 1043 1044 contendunt

314 1088 392 1139 perere
403 1107 412 1133 ,
423 1072 480 1121 AEn.
501 1071 521 1120 l.
542 1089 596 1131 157.
614 1073 669 1118 Huc
686 1070 863 1138 (Hesperiam)
881 1070 958 1132 cursus
971 1070 1045 1134 ficit,

318 1155 380 1215 33⁴·
394 1153 448 1199 Nou
460 1151 528 1212 longo
540 1145 625 1209 distant
634 1145 700 1208 curfie
718 1146 810 1209 Gnoffia
824 1163 890 1212 regna
904 1183 913 1208 ,
928 1149 973 1199 111.
988 1161 1042 1198 116.

319 1228 380 1292 Qud
395 1242 479 1276 vertere
493 1226 571 1288 cursui
586 1239 717 1290 oporteat,
733 1227 763 1274 ab
781 1226 878 1275 oraculo
893 1225 1022 1292 petendum
1032 1260 1043 1282 ,

320 1317 380 1366 ⁸146.
393 1306 460 1354 Cauri
468 1304 529 1354 trabe
539 1306 650 1354 currimus
660 1320 753 1371 equor,
765 1321 818 1367 191·
830 1304 970 1352 Excutimur
978 1303 1045 1368 eursu

318 1380 347 1432 *fr
360 1384 426 1432 cecis
438 1401 540 1434 erramus
552 1386 576 1433 in
590 1384 656 1434 undis
668 1419 677 1444 ,
690 1400 747 1432 too.
763 1385 832 1432 Hunc
845 1382 855 1448 (
866 1383 961 1444 Libycis
974 1384 1045 1448 oris)

318 1459 412 1522 ‘cursum
427 1463 516 1512 Iliacas
532 1477 599 1510 verro
614 1461 704 1523 renuiffe
720 1461 810 1509 carinas
822 1493 831 1519 ,
845 1459 889 1508 lv.
905 1470 946 1520 46Ὶ
963 1460 1046 1510 Arma·

318 1536 346 1584 ri
362 1536 451 1598 claffem
467 1571 476 1596 ,
495 1535 626 1601 curfitmque
640 1535 745 1599 parari,
767 1552 821 1596 299.
844 1534 935 1582 Currere
954 1535 1044 1594 remis,

319 1611 389 1661 infre
406 1619 460 1660 2'22.
477 1622 579 1677 AEquora
595 1627 675 1668 curro,
692 1628 747 1674 235.
763 1615 811 1660 &c.
825 1610 965 1676 Numquam
976 1614 1001 1659 in
1016 1609 1046 1660 ii-

325 1683 423 1732 milibut
449 1686 553 1732 occurrit
574 1686 666 1748 greffus.
690 1682 760 1734 Reiie
783 1700 840 1748 ergo
863 1682 999 1733 emendavit
1021 1687 1047 1734 itt

320 1758 418 1810 Medic.
434 1761 480 1809 sec.
498 1777 532 1809 m.
550 1759 686 1825 Aproniana
701 1759 834 1820 videlicet,
849 1761 920 1826 dirige
938 1761 1047 1823 cursum3

320 1836 394 1904 -quod
406 1837 484 1904 aperti
500 1839 586 1902 legitur
600 1841 626 1887 in
638 1837 694 1888 cod.
709 1841 768 1903 Reg.
786 1840 825 1887 Xl.
841 1855 860 1886 s.
873 1841 961 1888 habent
975 1842 1048 1889 etiarn

319 1917 411 1967 -nostrae
427 1915 483 1965 edd.
497 1916 554 1964 A&
569 1916 597 1964 B.
614 1914 722 1965 Heinsius
737 1930 818 1965 tamen
833 1919 932 1966 retinuit
943 1919 1047 1980 greffum.

364 2011 418 2053 ¹70·
436 1993 561 2060 Sabinique
578 1995 684 2059 priorem.
696 1995 867 2044 ..Praererir.
893 1995 1049 2062 Subirusque,

327 2067 396 2136 quod
408 2067 482 2134 vulgi>
498 2068 585 2133 legitur
602 2073 626 2118 &
643 2071 716 2119 habet
732 2069 810 2118 nostra
829 2066 867 2117 ed.
877 2070 922 2124 n,
941 2065 999 2118 eiset
1013 2071 1049 2118 sa·
1090 2083 1093 2088 “

327 2147 358 2199 ni
372 2151 447 2214 magis
462 2149 583 2214 poiticum
600 2168 606 2197 ε
623 2146 664 2198 sed
678 2165 762 2218 omnes
778 2145 826 2197 feri
841 2144 913 2197 codd.
930 2151 955 2197 &
971 2149 997 2197 in
1013 2150 1050 2214 ip-

319 2220 358 2269 dis'
375 2222 569 2285 praestentiffirnus
589 2225 708 2287 quisque,
725 2220 781 2274 cod.
800 2220 890 2270 Medic.
913 2219 968 2271 cod.
987 2224 1048 2289 neg.

317 2296 374 2345 .Xi.
390 2295 506 2343 &habene
515 2293 655 2358 subitique,
673 2296 745 2342 habet
760 2296 832 2342 etiarn
846 2292 924 2341 nostra
940 2292 979 2343 ed.
996 2295 1025 2343 B.
1045 2301 1050 2354 Ι

366 2371 421 2430 187.
438 2370 532 2417 Partem
554 2366 623 2427 rostro
638 2370 723 2432 premit
738 2368 823 2415 emula
848 2366 940 2427 Pristis.
965 2359 1049 2420 Codri.

330 2449 420 2499 habent
442 2446 557 2510 partim,
580 2441 659 2493 sormi
682 2445 844 2509 antiquiore,
869 2459 913 2507 pro
930 2459 1049 2509 partem,

332 2525 400 2594 quod
414 2523 533 2574 idemest.
891 2536 893 2540 ¹
1082 2579 1084 2584 Ι

367 2606 422 2654 208.
439 2600 587 2667 Ferrarafque
596 2598 676 2661 sudes·
693 2596 741 2648 Hic
756 2595 877 2647 dubitatur
895 2600 972 2648 trudes
989 2601 1052 2650 inter

333 2688 359 2733 ὃ(
370 2682 449 2744 sudet.
475 2679 562 2729 Trudes
580 2676 652 2724 liabet
671 2672 728 2723 cod.
752 2674 811 2739 Reg.
833 2673 874 2724 Χῖ.
892 2691 911 2723 s.
935 2673 976 2724 sed
994 2676 1052 2728 cod.

333 2758 426 2811 Medic.
449 2759 520 2808 habet
537 2755 618 2818 sudes.
635 2741 732 2804 ¹Trudes
754 2755 825 2802 habet
847 2752 925 2802 nostra
945 2751 983 2802 ed.
1005 2754 1052 2812 13,-

334 2834 376 2886 sed
392 2837 434 2895 Α,
451 2836 522 2884 habet
531 2832 610 2895 sudes.
633 2831 706 2896 Atqui
725 2847 766 2895 per
777 2830 848 2893 sudes
864 2829 902 2879 vel
919 2844 997 2880 contos
1014 2834 1053 2883 in-

322 2912 475 2980 ‘relliguntur
491 2930 519 2962 ex
536 2914 587 2977 ipso
605 2910 729 2975 Virgilio,
746 2912 839 2974 pertlcae
855 2909 986 2965 fraxineae,
1002 2910 1054 2975 igni

321 2984 445 3047 durata,
463 2984 531 3035 acuti
549 2982 663 3049 cuspide,
681 2987 706 3032 ὃ(
726 2982 788 3031 ferro
804 2997 920 3041 armatu
937 3000 990 3049 quae
1004 2986 1054 3037 Ta.

336 3063 387 3110 cito
404 3060 480 3109 trudet
496 3056 665 3123 appellantur:
680 3057 787 3121 quibus,
802 3068 829 3102 ut
844 3056 877 3103 ait
892 3054 994 3109 Ruaeus,
1009 3072 1054 3105 va.

321 3133 370 3182 ·d0
389 3135 504 3183 inhaerens
522 3130 654 3196 impellitur
670 3132 757 3188 navis,
776 3143 817 3177 aut
835 3131 895 3176 iners
913 3127 960 3177 elia
977 3128 1056 3179 moles

322 3224 500 3275 promouetur.
523 3209 609 3257 Tradet
630 3211 654 3260 ie
670 3206 740 3267 sudes
757 3207 811 3254 sunt
827 3221 883 3269 ergo
902 3203 961 3270 quid
979 3222 1054 3259 unum

324 3289 363 3340 ,ει
374 3282 449 3335 idem.
460 3284 492 3335 Ae
503 3318 512 3346 ,
525 3286 551 3335 in
563 3284 639 3335 trudes
650 3317 659 3344 ,
671 3298 685 3333 a
695 3282 804 3334 trudendo
814 3317 824 3345 ,
836 3282 868 3333 est
877 3284 954 3349 prima
964 3283 1053 3354 longae
