2859 4325
514 620 853 709 lirani.
972 654 1045 739 ¹53

301 784 476 842 Teucrorum
492 800 527 837 ex
545 785 651 840 oculist
668 797 754 854 ponto
772 800 829 837 nox
846 784 952 837 incubat
967 799 1031 838 atra.

303 882 454 935 Intonuere
471 881 549 950 poli,
567 881 704 956 &crebris
720 880 802 934 micat
818 881 924 951 ignibus
941 880 1038 934 aether:
1059 890 1095 945 9ο

307 979 523 1046 Praesentemque
541 975 608 1031 viris
624 977 756 1030 intentant
772 977 863 1030 omnia
882 993 1010 1030 mortem.

349 1071 493 1143 Extemplo
507 1073 596 1125 AEneae
612 1074 753 1126 solvuntur
769 1073 867 1143 frigore
884 1075 1010 1127 membra.

309 1173 446 1245 Ingemit,
459 1172 504 1235 dt,
521 1170 639 1238 duplices
655 1172 766 1224 tendens
783 1171 815 1223 ad
832 1170 912 1224 fidera
932 1174 1054 1240 palmas,

310 1270 389 1324 Talia
406 1285 477 1322 voce
494 1269 592 1321 refert:
609 1267 636 1320 Ο
653 1282 745 1338 terque
763 1282 905 1338 quaterque
921 1268 1009 1324 beari!

309 1365 396 1432 Queis
409 1362 472 1418 anre
483 1381 529 1417 ora
541 1379 644 1433 patrum
655 1362 744 1429 Trojae
757 1363 803 1416 sub
814 1363 945 1416 moenibus
957 1365 1017 1417 altis
1060 1378 1093 1433 95

309 1459 438 1532 Contigit
454 1463 601 1529 oppetere!
619 1458 638 1512 ὃ
652 1460 774 1513 Danaum
792 1458 929 1512 fortissime
948 1461 1035 1530 gentis

310 1558 437 1628 Tydide,
457 1574 535 1611 mene
552 1557 638 1610 iliacis
656 1559 811 1610 occumbere
826 1556 927 1626 campis
1067 1544 1069 1548 Α

310 1654 377 1709 Non
384 1653 733 1725 potuiffe,tudqueanimam
739 1655 805 1708 hanc
811 1653 945 1708 effundere
951 1654 1055 1710 dextri!

312 1753 407 1806 Saevus
417 1752 462 1806 ubi
473 1751 589 1807 AEacidae
602 1754 657 1806 telo
667 1752 736 1819 jacet
748 1751 861 1815 tremor.
875 1754 920 1807 ubi
931 1753 1025 1824 ingens

311 1848 469 1918 Sarpedon:
484 1848 532 1903 ubi
545 1864 587 1903 tot
602 1848 702 1903 Simois
717 1863 839 1919 correpta
854 1850 900 1903 sub
916 1850 994 1904 undis
1047 1865 1098 1904 roo

312 1944 394 1998 Scuta
404 1943 510 2007 virum,
522 1946 675 2016 galeasque,
689 1946 715 1999 ἀ
726 1945 806 1999 fortia
815 1960 928 2015 corpora
937 1943 1039 2001 volvit.

351 2042 428 2096 Talia
443 2041 550 2108 instanti
565 2042 675 2098 stridens
692 2043 826 2114 Aquilone
842 2045 960 2113 procella
1001 2034 1004 2039 ’

312 2140 414 2195 Velunr
431 2140 540 2195 adversa
557 2140 636 2207 ierit,
651 2140 797 2212 fludiusque
811 2143 842 2197 ad
858 2139 938 2197 fidera
953 2139 1035 2196 tollit.

313 2238 483 2309 Franguntur
498 2237 585 2291 remi:
603 2215 757 2307 tum'prora
775 2238 891 2300 avertit.
909 2240 936 2293 δι
952 2239 1031 2293 undis

314 2333 947 2403 Datlatusrinsequiturcumuiopraeruprusaquae
954 2348 1099 2400 monntos

315 2424 355 2483 ni
370 2429 476 2483 summo
490 2428 519 2482 in
533 2430 616 2482 fludio
631 2432 763 2498 pendent:
781 2429 823 2481 his
837 2432 906 2482 unda
922 2429 1057 2483 dehiscens

315 2528 427 2581 Terram
438 2527 509 2580 inter
518 2526 613 2580 flodus
624 2527 709 2595 aperit
719 2546 728 2587 3
741 2526 806 2579 furit
816 2525 891 2579 aeiius
902 2526 1000 2580 arenis.

316 2621 386 2679 Tres
403 2627 490 2677 Notus
507 2628 627 2695 abreptas
647 2625 677 2677 in
694 2625 756 2677 saxa
774 2624 880 2678 latentia
897 2639 1022 2696 torquete

317 2722 385 2775 Saxa
396 2735 497 2774 vocant
508 2719 567 2774 itali
578 2761 587 2783 .
599 2724 694 2776 mediis
708 2740 766 2792 quae
779 2721 807 2775 in
818 2721 939 2777 fludiibur
950 2765 959 2789 ,
974 2725 1057 2777 Aras:

317 2819 560 2873 Dorsumimmane
570 2820 635 2872 mari
644 2821 759 2873 summo.
768 2822 834 2873 Tres
844 2821 927 2873 Eurus
936 2822 967 2873 ab
976 2824 1031 2875 alto
1055 2836 1105 2875 rto

317 2916 350 2970 ln
367 2918 460 2970 brevia
475 2917 500 2969 dt
515 2917 607 2986 Syrtes
625 2932 719 2988 urget,
737 2915 886 2969 miserabile
904 2916 983 2979 visu,

318 3013 454 3083 lllidirque
470 3013 567 3073 vadis,
580 3027 658 3083 arque
676 3029 771 3084 aggere
787 3012 871 3082 cingit
887 3029 982 3068 arenae.

319 3112 431 3171 Unam,
446 3128 505 3182 quae
522 3109 620 3180 Lycios
637 3111 773 3180 fidumque
789 3111 902 3165 vehebat
920 3109 1064 3176 Oronten,

320 3206 402 3276 lpfius
421 3208 483 3261 ant'e
502 3210 596 3261 oculos
610 3208 703 3278 ingens
722 3226 736 3261 a
754 3207 854 3261 vertice
873 3223 973 3277 pontus

320 3303 351 3359 In
361 3306 477 3380 puppim
488 3306 550 3364 ferit
560 3325 568 3363 t
579 3306 712 3363 excutitur
724 3345 731 3375 ,
742 3306 895 3378 pronusque
909 3306 1030 3378 magister
1061 3319 1107 3375 115

905 3401 932 3457 G
952 3420 973 3460 v
