2859 4325
289 737 295 743 .
365 627 421 725 66
525 617 942 702 G-nouorcou

376 784 521 855 Stivaque.
537 798 595 853 quae
610 797 701 834 currus
717 797 732 832 a
747 793 824 849 tergo
839 795 963 850 torqueat
976 779 1067 846 innota

323 891 356 947 17
361 897 372 947 5
382 882 414 935 Et
429 880 551 949 suspensa
563 879 632 932 focis
650 879 775 946 explorat
789 879 887 930 robora
901 877 1001 937 sumus.

414 976 520 1030 Poffum
536 979 619 1030 multa
634 975 683 1029 tibi
699 987 822 1029 veterum
838 991 969 1045 precepta
981 977 1095 1040 referret

262 1054 264 1061 ⁸
338 1071 343 1078 “
375 1073 412 1128 Ni
427 1073 542 1145 refugis,
558 1074 703 1142 tenuesque
719 1073 794 1143 piget
807 1073 970 1143 cognoscere
985 1063 1085 1130 curan

375 1170 445 1224 Area
463 1169 619 1240 cumprimis
636 1170 740 1240 ingenti
755 1170 881 1238 aequanda
896 1167 1040 1238 cylindro,

376 1268 409 1319 Et
423 1270 552 1322 vertenda
568 1284 667 1333 manu,
687 1269 713 1320 dt
730 1267 803 1321 creti
820 1267 957 1320 solidanda
973 1266 1079 1334 tenaci,

325 1363 423 1416 tboNe
438 1363 546 1418 subeant
561 1365 667 1428 herba,
682 1380 735 1418 neu
753 1367 864 1434 pulvere
875 1358 1080 1426 vislatfatisc'ata

377 1460 448 1512 Turn
463 1461 546 1514 varia
562 1460 674 1514 illudant
689 1459 774 1528 pestes
787 1478 794 1514 r
807 1459 879 1530 saepe
891 1460 1007 1532 ,exiguus
1021 1467 1081 1513 mut

377 1558 431 1611 Sub
447 1557 525 1613 terris
542 1557 685 1629 posuitque
700 1560 798 1612 domos
813 1573 893 1628 atque
906 1559 1005 1613 horrea
1020 1558 1099 1622 secit3

377 1656 433 1708 Aut
448 1656 534 1710 oculis
549 1656 621 1726 capti
636 1655 728 1710 fodite
744 1655 843 1710 cubilia
859 1658 957 1725 talpaet

378 1751 559 1823 inventusque
575 1752 651 1806 cavis
669 1753 752 1814 buso,
770 1753 797 1806 δι
812 1770 872 1822 qun
887 1753 1004 1823 plurima
1017 1767 1093 1806 terrai

327 1846 1117 1920 18tMonstraserunt3populatq3ingentemsarrisacervum

380 1943 523 2006 Curculio,
540 1961 620 2016 atque
633 1944 712 2016 inopi
723 1961 843 1999 metuens
854 1946 968 1999 sormica
980 1946 1102 2000 senedlae.

267 2076 283 2093 e
382 2042 588 2112 Contemplator
601 2042 685 2107 item,
704 2042 765 2096 edm
782 2042 809 2096 se
825 2059 882 2094 nux
897 2042 1014 2111 plurima
1028 2043 1101 2098 silvia

380 2137 474 2191 Induet
492 2137 521 2191 in
538 2137 655 2204 florem,
672 2139 699 2192 δι
716 2155 806 2192 ramos
820 2136 942 2192 curvabit
961 2140 1081 2193 olentes:

380 2232 409 2285 Si
426 2234 548 2303 superant
563 2235 649 2301 setus,
662 2236 761 2305 pariter
775 2236 907 2289 frumenta
922 2235 1083 2306 sequentur,

331 2331 539 2411 190Magnaque
556 2350 617 2386 curn
633 2350 732 2404 magno
746 2330 840 2386 veniet
856 2330 950 2385 tritura
967 2334 1073 2393 calore,

382 2428 419 2481 At
434 2428 454 2481 fi
471 2430 578 2483 luxurii
596 2430 726 2485 soliorum
744 2432 872 2483 exuberat
885 2432 994 2493 umbra,
1010 2448 1012 2453 ·

384 2527 569 2594 Nequidquam
583 2528 696 2596 pingues
712 2524 788 2595 palei
803 2540 871 2578 teret
888 2541 948 2577 area
962 2528 1078 2581 culmos.

383 2624 490 2674 Semina
501 2623 558 2675 vidi
569 2623 694 2691 equidem
705 2625 807 2676 multos
818 2621 949 2676 medicare
959 2624 1095 2690 serentes,

385 2718 417 2769 Et
434 2718 505 2771 nitro
524 2718 597 2787 prius
614 2720 641 2770 bt
658 2718 733 2790 nigri
748 2720 904 2788 perfundere
922 2719 1047 2773 amurci:

335 2814 520 2880 195Grandior
538 2830 568 2869 ut
583 2817 653 2870 setus
669 2817 772 2887 siliquis
791 2817 925 2871 fallacibus
941 2813 1026 2875 esser,

385 2911 436 2975 Et,
453 2912 575 2981 quamvis
587 2912 644 2982 igni
655 2916 757 2984 exiguo
769 2928 910 2982 properata
921 2912 1075 2976 maderent,

350 3078 352 3083 .
387 3008 451 3061 Vidi
466 3009 549 3073 ledia,
563 3010 608 3063 did
628 3011 654 3063 δι
671 3014 758 3064 multo
775 3010 889 3078 speuara
905 3010 1016 3073 labore,

387 3105 553 3174 Degenerare
564 3123 654 3160 tamen
666 3127 672 3160 :
686 3108 715 3159 ni
728 3107 772 3160 vis
784 3107 899 3158 humana
911 3102 1059 3175 quotannis

389 3200 510 3254 Maxima
524 3222 635 3273 quaeque
646 3221 727 3258 manu
738 3207 857 3273 legerent
869 3202 903 3254 fic
915 3200 1008 3254 omnia
1020 3197 1090 3253 Faria

333 3296 425 3351 aooln
441 3297 517 3367 pejus
534 3318 628 3368 ruere,
645 3318 675 3357 ac
691 3300 764 3357 rettd
781 3299 899 3369 sublapsa
913 3296 1017 3353 referti.
1068 3347 1071 3352 .
