<?xml version="1.0" encoding="UTF-8"?>
<!DOCTYPE html PUBLIC "-//W3C//DTD XHTML 1.0 Transitional//EN"
    "http://www.w3.org/TR/xhtml1/DTD/xhtml1-transitional.dtd">
<html xmlns="http://www.w3.org/1999/xhtml" xml:lang="en" lang="en">
 <head>
  <title>
</title>
<meta http-equiv="Content-Type" content="text/html;charset=utf-8" />
  <meta name='ocr-system' content='tesseract 3.04.00' />
  <meta name='ocr-capabilities' content='ocr_page ocr_carea ocr_par ocr_line ocrx_word'/>
</head>
<body>
  <div class='ocr_page' id='page_1' title='image "./publiivirgiliim00cappgoog/publiivirgiliim00cappgoog_0189.png"; bbox 0 0 2859 4325; ppageno 0'>
   <div class='ocr_carea' id='block_1_1' title="bbox 438 576 1048 711">
    <p class='ocr_par' dir='ltr' id='par_1_1' title="bbox 438 576 1048 711">
     <span class='ocr_line' id='line_1_1' title="bbox 438 576 1048 711; baseline 0.01 -7"><span class='ocrx_word' id='word_1_1' title='bbox 438 576 875 708; x_wconf 44' lang='lat' dir='ltr'>¹L&#39;rnrsrrlll.</span> <span class='ocrx_word' id='word_1_2' title='bbox 976 654 1048 711; x_wconf 66' lang='grc' dir='ltr'>ιιι</span> 
     </span>
    </p>
   </div>
   <div class='ocr_carea' id='block_1_2' title="bbox 273 780 1110 3282">
    <p class='ocr_par' dir='ltr' id='par_1_2' title="bbox 273 780 1110 3282">
     <span class='ocr_line' id='line_1_2' title="bbox 305 780 1022 857; baseline -0.006 -15"><span class='ocrx_word' id='word_1_3' title='bbox 305 788 458 846; x_wconf 72' lang='lat' dir='ltr'>Ardebant,</span> <span class='ocrx_word' id='word_1_4' title='bbox 475 783 579 855; x_wconf 86' lang='lat' dir='ltr'>ipfique</span> <span class='ocrx_word' id='word_1_5' title='bbox 593 785 673 852; x_wconf 84' lang='lat' dir='ltr'>suos,</span> <span class='ocrx_word' id='word_1_6' title='bbox 689 784 744 852; x_wconf 84' lang='lat' dir='ltr'>jam</span> <span class='ocrx_word' id='word_1_7' title='bbox 761 780 849 841; x_wconf 82' lang='lat' dir='ltr'>morte</span> <span class='ocrx_word' id='word_1_8' title='bbox 864 787 910 840; x_wconf 86' lang='lat' dir='ltr'>sub</span> <span class='ocrx_word' id='word_1_9' title='bbox 926 788 993 857; x_wconf 69' lang='lat' dir='ltr'>egri</span> <span class='ocrx_word' id='word_1_10' title='bbox 1004 792 1022 851; x_wconf 83' lang='lat'>,&#39;</span> 
     </span>
     <span class='ocr_line' id='line_1_3' title="bbox 305 882 1023 954; baseline 0.001 -17"><span class='ocrx_word' id='word_1_11' title='bbox 305 882 364 952; x_wconf 87' lang='lat' dir='ltr'>(Dl</span> <span class='ocrx_word' id='word_1_12' title='bbox 380 884 494 937; x_wconf 77' lang='lat' dir='ltr'>meliora</span> <span class='ocrx_word' id='word_1_13' title='bbox 507 882 580 950; x_wconf 85' lang='lat' dir='ltr'>piis,</span> <span class='ocrx_word' id='word_1_14' title='bbox 592 898 763 952; x_wconf 81' lang='lat' dir='ltr'>erroremque</span> <span class='ocrx_word' id='word_1_15' title='bbox 774 883 890 937; x_wconf 78' lang='lat' dir='ltr'>hostibus</span> <span class='ocrx_word' id='word_1_16' title='bbox 903 884 980 937; x_wconf 89' lang='lat' dir='ltr'>illum</span> <span class='ocrx_word' id='word_1_17' title='bbox 993 885 1023 954; x_wconf 84' lang='lat'>!)</span> 
     </span>
     <span class='ocr_line' id='line_1_4' title="bbox 308 957 950 1039; baseline 0 -4"><span class='ocrx_word' id='word_1_18' title='bbox 308 957 536 1035; x_wconf 57' lang='lat' dir='ltr'>Diseiffos‘nudis</span> <span class='ocrx_word' id='word_1_19' title='bbox 551 977 684 1032; x_wconf 83' lang='lat' dir='ltr'>laniabant</span> <span class='ocrx_word' id='word_1_20' title='bbox 699 979 821 1033; x_wconf 80' lang='lat' dir='ltr'>dentibus</span> <span class='ocrx_word' id='word_1_21' title='bbox 838 996 921 1039; x_wconf 76' lang='lat' dir='ltr'>amus.</span> <span class='ocrx_word' id='word_1_22' title='bbox 944 1009 950 1023; x_wconf 53' lang='grc' dir='ltr'><strong>ν</strong></span> 
     </span>
     <span class='ocr_line' id='line_1_5' title="bbox 310 1076 1102 1146; baseline 0.003 -16"><span class='ocrx_word' id='word_1_23' title='bbox 310 1079 377 1131; x_wconf 82' lang='lat' dir='ltr'>Eece</span> <span class='ocrx_word' id='word_1_24' title='bbox 392 1090 483 1131; x_wconf 75' lang='lat' dir='ltr'>nutem</span> <span class='ocrx_word' id='word_1_25' title='bbox 499 1077 566 1129; x_wconf 90' lang='lat' dir='ltr'>duro</span> <span class='ocrx_word' id='word_1_26' title='bbox 580 1077 685 1129; x_wconf 84' lang='lat' dir='ltr'>fumans</span> <span class='ocrx_word' id='word_1_27' title='bbox 702 1076 749 1130; x_wconf 82' lang='lat' dir='ltr'>sub</span> <span class='ocrx_word' id='word_1_28' title='bbox 763 1092 874 1130; x_wconf 81' lang='lat' dir='ltr'>vomere</span> <span class='ocrx_word' id='word_1_29' title='bbox 888 1094 979 1132; x_wconf 90' lang='lat' dir='ltr'>taurus</span> <span class='ocrx_word' id='word_1_30' title='bbox 1051 1091 1102 1146; x_wconf 70' lang='lat'>515</span> 
     </span>
     <span class='ocr_line' id='line_1_6' title="bbox 313 1173 1061 1242; baseline 0.003 -16"><span class='ocrx_word' id='word_1_31' title='bbox 313 1173 461 1238; x_wconf 77' lang='lat' dir='ltr'>Concidit,</span> <span class='ocrx_word' id='word_1_32' title='bbox 478 1174 506 1226; x_wconf 70' lang='grc' dir='ltr'>δι</span> <span class='ocrx_word' id='word_1_33' title='bbox 520 1173 637 1226; x_wconf 86' lang='lat' dir='ltr'>mixtum</span> <span class='ocrx_word' id='word_1_34' title='bbox 648 1174 748 1242; x_wconf 86' lang='lat' dir='ltr'>spumis</span> <span class='ocrx_word' id='word_1_35' title='bbox 760 1176 849 1228; x_wconf 87' lang='lat' dir='ltr'>vomit</span> <span class='ocrx_word' id='word_1_36' title='bbox 859 1192 906 1230; x_wconf 88' lang='lat' dir='ltr'>ore</span> <span class='ocrx_word' id='word_1_37' title='bbox 919 1192 1061 1239; x_wconf 86' lang='lat' dir='ltr'>cruorem,</span> 
     </span>
     <span class='ocr_line' id='line_1_7' title="bbox 310 1271 974 1342; baseline 0 -17"><span class='ocrx_word' id='word_1_38' title='bbox 310 1272 507 1341; x_wconf 80' lang='lat' dir='ltr'>Extremusque</span> <span class='ocrx_word' id='word_1_39' title='bbox 522 1271 576 1325; x_wconf 86' lang='lat' dir='ltr'>ciet</span> <span class='ocrx_word' id='word_1_40' title='bbox 590 1271 715 1342; x_wconf 88' lang='lat' dir='ltr'>gemitus.</span> <span class='ocrx_word' id='word_1_41' title='bbox 731 1273 756 1323; x_wconf 91' lang='lat' dir='ltr'>lt</span> <span class='ocrx_word' id='word_1_42' title='bbox 772 1271 852 1324; x_wconf 84' lang='lat' dir='ltr'>tristis</span> <span class='ocrx_word' id='word_1_43' title='bbox 868 1290 974 1332; x_wconf 84' lang='lat' dir='ltr'>arator,</span> 
     </span>
     <span class='ocr_line' id='line_1_8' title="bbox 311 1367 1032 1438; baseline -0.004 -12"><span class='ocrx_word' id='word_1_44' title='bbox 311 1373 478 1426; x_wconf 73' lang='lat' dir='ltr'>Merentem</span> <span class='ocrx_word' id='word_1_45' title='bbox 491 1367 637 1438; x_wconf 80' lang='lat' dir='ltr'>abiungens</span> <span class='ocrx_word' id='word_1_46' title='bbox 647 1367 763 1421; x_wconf 71' lang='lat' dir='ltr'>fraterni</span> <span class='ocrx_word' id='word_1_47' title='bbox 774 1383 862 1421; x_wconf 86' lang='lat' dir='ltr'>morte</span> <span class='ocrx_word' id='word_1_48' title='bbox 871 1367 1032 1434; x_wconf 71' lang='lat' dir='ltr'>iuvencuma</span> 
     </span>
     <span class='ocr_line' id='line_1_9' title="bbox 311 1464 1009 1540; baseline -0.003 -15"><span class='ocrx_word' id='word_1_49' title='bbox 311 1473 400 1540; x_wconf 76' lang='lat' dir='ltr'>Atque</span> <span class='ocrx_word' id='word_1_50' title='bbox 413 1484 498 1539; x_wconf 89' lang='lat' dir='ltr'>opere</span> <span class='ocrx_word' id='word_1_51' title='bbox 514 1466 545 1519; x_wconf 91' lang='lat' dir='ltr'>in</span> <span class='ocrx_word' id='word_1_52' title='bbox 559 1465 651 1519; x_wconf 86' lang='lat' dir='ltr'>medio</span> <span class='ocrx_word' id='word_1_53' title='bbox 668 1464 756 1519; x_wconf 79' lang='lat' dir='ltr'>defixa</span> <span class='ocrx_word' id='word_1_54' title='bbox 771 1466 899 1536; x_wconf 85' lang='lat' dir='ltr'>relinquit</span> <span class='ocrx_word' id='word_1_55' title='bbox 914 1481 1009 1523; x_wconf 79' lang='lat' dir='ltr'>aratra.</span> 
     </span>
     <span class='ocr_line' id='line_1_10' title="bbox 312 1561 1108 1632; baseline -0.005 -11"><span class='ocrx_word' id='word_1_56' title='bbox 312 1567 482 1621; x_wconf 74' lang='lat' dir='ltr'>Nonumbrae</span> <span class='ocrx_word' id='word_1_57' title='bbox 490 1567 605 1617; x_wconf 86' lang='lat' dir='ltr'>altorum</span> <span class='ocrx_word' id='word_1_58' title='bbox 612 1579 831 1627; x_wconf 85' lang='lat' dir='ltr'>neruorum,n0n</span> <span class='ocrx_word' id='word_1_59' title='bbox 837 1561 930 1617; x_wconf 87' lang='lat' dir='ltr'>mollia</span> <span class='ocrx_word' id='word_1_60' title='bbox 937 1561 1043 1632; x_wconf 77' lang='lat' dir='ltr'>possunt</span> <span class='ocrx_word' id='word_1_61' title='bbox 1055 1578 1108 1628; x_wconf 77' lang='lat'>520</span> 
     </span>
     <span class='ocr_line' id='line_1_11' title="bbox 314 1658 1064 1730; baseline -0.011 -12"><span class='ocrx_word' id='word_1_62' title='bbox 314 1664 391 1718; x_wconf 83' lang='lat' dir='ltr'>Prata</span> <span class='ocrx_word' id='word_1_63' title='bbox 402 1677 515 1714; x_wconf 83' lang='lat' dir='ltr'>movere</span> <span class='ocrx_word' id='word_1_64' title='bbox 526 1659 662 1723; x_wconf 82' lang='lat' dir='ltr'>animum,</span> <span class='ocrx_word' id='word_1_65' title='bbox 675 1676 749 1723; x_wconf 85' lang='lat' dir='ltr'>nnn,</span> <span class='ocrx_word' id='word_1_66' title='bbox 764 1659 811 1730; x_wconf 92' lang='lat' dir='ltr'>qui</span> <span class='ocrx_word' id='word_1_67' title='bbox 821 1676 869 1729; x_wconf 91' lang='lat' dir='ltr'>per</span> <span class='ocrx_word' id='word_1_68' title='bbox 880 1658 942 1713; x_wconf 86' lang='lat' dir='ltr'>saxa</span> <span class='ocrx_word' id='word_1_69' title='bbox 952 1662 1064 1713; x_wconf 83' lang='lat' dir='ltr'>volutus</span> 
     </span>
     <span class='ocr_line' id='line_1_12' title="bbox 312 1757 990 1825; baseline -0.003 -12"><span class='ocrx_word' id='word_1_70' title='bbox 312 1759 409 1813; x_wconf 83' lang='lat' dir='ltr'>Purior</span> <span class='ocrx_word' id='word_1_71' title='bbox 425 1757 525 1811; x_wconf 71' lang='lat' dir='ltr'>elestro</span> <span class='ocrx_word' id='word_1_72' title='bbox 541 1772 665 1824; x_wconf 81' lang='lat' dir='ltr'>eampum</span> <span class='ocrx_word' id='word_1_73' title='bbox 681 1757 751 1825; x_wconf 88' lang='lat' dir='ltr'>petit</span> <span class='ocrx_word' id='word_1_74' title='bbox 768 1758 854 1811; x_wconf 87' lang='lat' dir='ltr'>amnis</span> <span class='ocrx_word' id='word_1_75' title='bbox 870 1773 878 1808; x_wconf 75' lang='lat' dir='ltr'>r</span> <span class='ocrx_word' id='word_1_76' title='bbox 893 1774 919 1811; x_wconf 87' lang='lat' dir='ltr'>at</span> <span class='ocrx_word' id='word_1_77' title='bbox 936 1758 990 1811; x_wconf 90' lang='lat' dir='ltr'>ima</span> 
     </span>
     <span class='ocr_line' id='line_1_13' title="bbox 273 1852 1086 1927; baseline 0.001 -16"><span class='ocrx_word' id='word_1_78' title='bbox 273 1852 276 1857; x_wconf 73' lang='grc'><strong>’</strong></span> <span class='ocrx_word' id='word_1_79' title='bbox 313 1858 465 1911; x_wconf 77' lang='lat' dir='ltr'>Solvuntur</span> <span class='ocrx_word' id='word_1_80' title='bbox 477 1857 573 1919; x_wconf 82' lang='lat' dir='ltr'>latera,</span> <span class='ocrx_word' id='word_1_81' title='bbox 584 1870 665 1922; x_wconf 89' lang='lat' dir='ltr'>atque</span> <span class='ocrx_word' id='word_1_82' title='bbox 676 1855 771 1906; x_wconf 86' lang='lat' dir='ltr'>oculos</span> <span class='ocrx_word' id='word_1_83' title='bbox 782 1854 872 1922; x_wconf 82' lang='lat' dir='ltr'>stupor</span> <span class='ocrx_word' id='word_1_84' title='bbox 884 1872 960 1927; x_wconf 88' lang='lat' dir='ltr'>urget</span> <span class='ocrx_word' id='word_1_85' title='bbox 969 1856 1068 1912; x_wconf 86' lang='lat' dir='ltr'>inertes</span> <span class='ocrx_word' id='word_1_86' title='bbox 1075 1867 1086 1927; x_wconf 83' lang='lat'>,&#39;</span> 
     </span>
     <span class='ocr_line' id='line_1_14' title="bbox 313 1950 1099 2029; baseline -0.001 -23"><span class='ocrx_word' id='word_1_87' title='bbox 313 1954 356 2006; x_wconf 80' lang='lat' dir='ltr'>Ad</span> <span class='ocrx_word' id='word_1_88' title='bbox 368 1968 519 2021; x_wconf 83' lang='lat' dir='ltr'>terramque</span> <span class='ocrx_word' id='word_1_89' title='bbox 534 1950 596 2004; x_wconf 82' lang='lat' dir='ltr'>fluit</span> <span class='ocrx_word' id='word_1_90' title='bbox 612 1951 719 2003; x_wconf 78' lang='lat' dir='ltr'>devexo</span> <span class='ocrx_word' id='word_1_91' title='bbox 735 1952 854 2019; x_wconf 86' lang='lat' dir='ltr'>pondere</span> <span class='ocrx_word' id='word_1_92' title='bbox 869 1951 974 2006; x_wconf 78' lang='lat' dir='ltr'>cervix.</span> <span class='ocrx_word' id='word_1_93' title='bbox 1092 2020 1099 2029; x_wconf 75' lang='lat'><em>,</em></span> 
     </span>
     <span class='ocr_line' id='line_1_15' title="bbox 312 2046 1108 2120; baseline 0.001 -17"><span class='ocrx_word' id='word_1_94' title='bbox 312 2046 1108 2120; x_wconf 73' lang='lat' dir='ltr'>Quidlabor‚autbenefastajuvanthuidvornereterras525</span> 
     </span>
     <span class='ocr_line' id='line_1_16' title="bbox 312 2137 975 2218; baseline 0.005 -17"><span class='ocrx_word' id='word_1_95' title='bbox 312 2144 456 2202; x_wconf 85' lang='lat' dir='ltr'>Invertifl&#39;e</span> <span class='ocrx_word' id='word_1_96' title='bbox 466 2163 560 2218; x_wconf 85' lang='lat' dir='ltr'>graves</span> <span class='ocrx_word' id='word_1_97' title='bbox 574 2144 586 2197; x_wconf 74' lang='lat' dir='ltr'>i</span> <span class='ocrx_word' id='word_1_98' title='bbox 597 2145 680 2216; x_wconf 76' lang='lat' dir='ltr'>Atqui</span> <span class='ocrx_word' id='word_1_99' title='bbox 693 2165 749 2200; x_wconf 89' lang='lat' dir='ltr'>non</span> <span class='ocrx_word' id='word_1_100' title='bbox 760 2144 867 2202; x_wconf 83' lang='lat' dir='ltr'>Maliica</span> <span class='ocrx_word' id='word_1_101' title='bbox 879 2137 975 2204; x_wconf 76' lang='lat' dir='ltr'>Bacchi</span> 
     </span>
     <span class='ocr_line' id='line_1_17' title="bbox 314 2243 955 2313; baseline 0.005 -16"><span class='ocrx_word' id='word_1_102' title='bbox 314 2245 448 2308; x_wconf 82' lang='lat' dir='ltr'>Munera,</span> <span class='ocrx_word' id='word_1_103' title='bbox 461 2260 518 2296; x_wconf 92' lang='lat' dir='ltr'>non</span> <span class='ocrx_word' id='word_1_104' title='bbox 529 2243 582 2296; x_wconf 88' lang='lat' dir='ltr'>illis</span> <span class='ocrx_word' id='word_1_105' title='bbox 596 2246 680 2312; x_wconf 82' lang='lat' dir='ltr'>epulae</span> <span class='ocrx_word' id='word_1_106' title='bbox 695 2243 812 2297; x_wconf 74' lang='lat' dir='ltr'>nocuere</span> <span class='ocrx_word' id='word_1_107' title='bbox 827 2245 955 2313; x_wconf 70' lang='lat' dir='ltr'>repotia:</span> 
     </span>
     <span class='ocr_line' id='line_1_18' title="bbox 314 2340 1013 2409; baseline 0 -13"><span class='ocrx_word' id='word_1_108' title='bbox 314 2341 467 2397; x_wconf 75' lang='lat' dir='ltr'>frondibus</span> <span class='ocrx_word' id='word_1_109' title='bbox 481 2342 507 2394; x_wconf 75' lang='grc' dir='ltr'>δι</span> <span class='ocrx_word' id='word_1_110' title='bbox 523 2340 596 2393; x_wconf 69' lang='lat' dir='ltr'>vitiu</span> <span class='ocrx_word' id='word_1_111' title='bbox 611 2340 752 2408; x_wconf 89' lang='lat' dir='ltr'>pascuntur</span> <span class='ocrx_word' id='word_1_112' title='bbox 767 2340 892 2409; x_wconf 77' lang='lat' dir='ltr'>fimplicis</span> <span class='ocrx_word' id='word_1_113' title='bbox 907 2344 1013 2396; x_wconf 83' lang='lat' dir='ltr'>herbae:</span> 
     </span>
     <span class='ocr_line' id='line_1_19' title="bbox 314 2437 1046 2506; baseline 0 -13"><span class='ocrx_word' id='word_1_114' title='bbox 314 2438 416 2493; x_wconf 79' lang='lat' dir='ltr'>Pocula</span> <span class='ocrx_word' id='word_1_115' title='bbox 432 2437 491 2491; x_wconf 86' lang='lat' dir='ltr'>sunt</span> <span class='ocrx_word' id='word_1_116' title='bbox 505 2438 594 2491; x_wconf 82' lang='lat' dir='ltr'>fontes</span> <span class='ocrx_word' id='word_1_117' title='bbox 609 2437 721 2506; x_wconf 86' lang='lat' dir='ltr'>liquidi,</span> <span class='ocrx_word' id='word_1_118' title='bbox 738 2453 817 2506; x_wconf 88' lang='lat' dir='ltr'>atque</span> <span class='ocrx_word' id='word_1_119' title='bbox 835 2438 952 2491; x_wconf 84' lang='lat' dir='ltr'>exercita</span> <span class='ocrx_word' id='word_1_120' title='bbox 969 2441 1046 2493; x_wconf 83' lang='lat' dir='ltr'>eursu</span> 
     </span>
     <span class='ocr_line' id='line_1_20' title="bbox 315 2534 1110 2606; baseline -0.001 -17"><span class='ocrx_word' id='word_1_121' title='bbox 315 2535 440 2589; x_wconf 80' lang='lat' dir='ltr'>Flumina</span> <span class='ocrx_word' id='word_1_122' title='bbox 459 2550 528 2596; x_wconf 80' lang='lat' dir='ltr'>3nec</span> <span class='ocrx_word' id='word_1_123' title='bbox 542 2534 652 2586; x_wconf 80' lang='lat' dir='ltr'>somnos</span> <span class='ocrx_word' id='word_1_124' title='bbox 669 2534 804 2601; x_wconf 83' lang='lat' dir='ltr'>abrumpit</span> <span class='ocrx_word' id='word_1_125' title='bbox 819 2549 881 2585; x_wconf 86' lang='lat' dir='ltr'>eura</span> <span class='ocrx_word' id='word_1_126' title='bbox 896 2534 1019 2589; x_wconf 78' lang='lat' dir='ltr'>salubres.</span> <span class='ocrx_word' id='word_1_127' title='bbox 1058 2554 1110 2606; x_wconf 82' lang='lat'>530</span> 
     </span>
     <span class='ocr_line' id='line_1_21' title="bbox 353 2628 980 2701; baseline 0 -17"><span class='ocrx_word' id='word_1_128' title='bbox 353 2633 490 2700; x_wconf 84' lang='lat' dir='ltr'>Tempore</span> <span class='ocrx_word' id='word_1_129' title='bbox 505 2646 561 2683; x_wconf 89' lang='lat' dir='ltr'>non</span> <span class='ocrx_word' id='word_1_130' title='bbox 577 2630 632 2683; x_wconf 88' lang='lat' dir='ltr'>alio</span> <span class='ocrx_word' id='word_1_131' title='bbox 648 2629 741 2683; x_wconf 82' lang='lat' dir='ltr'>dicunt</span> <span class='ocrx_word' id='word_1_132' title='bbox 757 2630 910 2701; x_wconf 70' lang='lat' dir='ltr'>regionibus</span> <span class='ocrx_word' id='word_1_133' title='bbox 926 2628 980 2685; x_wconf 88' lang='lat' dir='ltr'>illis</span> 
     </span>
     <span class='ocr_line' id='line_1_22' title="bbox 315 2726 943 2798; baseline 0.002 -16"><span class='ocrx_word' id='word_1_134' title='bbox 315 2729 447 2798; x_wconf 70' lang='lat' dir='ltr'>Qualitas</span> <span class='ocrx_word' id='word_1_135' title='bbox 460 2730 493 2780; x_wconf 88' lang='lat' dir='ltr'>ad</span> <span class='ocrx_word' id='word_1_136' title='bbox 508 2728 578 2780; x_wconf 81' lang='lat' dir='ltr'>sacra</span> <span class='ocrx_word' id='word_1_137' title='bbox 592 2728 678 2779; x_wconf 90' lang='lat' dir='ltr'>boves</span> <span class='ocrx_word' id='word_1_138' title='bbox 695 2726 828 2792; x_wconf 82' lang='lat' dir='ltr'>Iunonis,</span> <span class='ocrx_word' id='word_1_139' title='bbox 846 2729 873 2782; x_wconf 75' lang='grc' dir='ltr'>δι</span> <span class='ocrx_word' id='word_1_140' title='bbox 886 2728 943 2783; x_wconf 85' lang='lat' dir='ltr'>uris</span> 
     </span>
     <span class='ocr_line' id='line_1_23' title="bbox 316 2824 930 2896; baseline 0 -16"><span class='ocrx_word' id='word_1_141' title='bbox 316 2826 466 2896; x_wconf 82' lang='lat' dir='ltr'>lnrparibus</span> <span class='ocrx_word' id='word_1_142' title='bbox 483 2824 576 2878; x_wconf 63' lang='lat' dir='ltr'>dubios</span> <span class='ocrx_word' id='word_1_143' title='bbox 591 2827 642 2877; x_wconf 86' lang='lat' dir='ltr'>alta</span> <span class='ocrx_word' id='word_1_144' title='bbox 656 2826 688 2877; x_wconf 89' lang='lat' dir='ltr'>ad</span> <span class='ocrx_word' id='word_1_145' title='bbox 704 2826 813 2878; x_wconf 82' lang='lat' dir='ltr'>donaria</span> <span class='ocrx_word' id='word_1_146' title='bbox 829 2843 930 2880; x_wconf 86' lang='lat' dir='ltr'>curtus.</span> 
     </span>
     <span class='ocr_line' id='line_1_24' title="bbox 317 2921 981 2996; baseline -0.005 -18"><span class='ocrx_word' id='word_1_147' title='bbox 317 2927 390 2996; x_wconf 83' lang='lat' dir='ltr'>Ergo</span> <span class='ocrx_word' id='word_1_148' title='bbox 406 2921 479 2994; x_wconf 71' lang='lat' dir='ltr'>tegre</span> <span class='ocrx_word' id='word_1_149' title='bbox 496 2922 583 2976; x_wconf 82' lang='lat' dir='ltr'>rastris</span> <span class='ocrx_word' id='word_1_150' title='bbox 599 2937 694 2975; x_wconf 89' lang='lat' dir='ltr'>terram</span> <span class='ocrx_word' id='word_1_151' title='bbox 710 2922 857 2984; x_wconf 78' lang='lat' dir='ltr'>rimantur,</span> <span class='ocrx_word' id='word_1_152' title='bbox 873 2923 900 2974; x_wconf 74' lang='grc' dir='ltr'>δι</span> <span class='ocrx_word' id='word_1_153' title='bbox 919 2922 981 2991; x_wconf 73' lang='lat' dir='ltr'>ipris</span> 
     </span>
     <span class='ocr_line' id='line_1_25' title="bbox 317 3018 1106 3092; baseline -0.005 -16"><span class='ocrx_word' id='word_1_154' title='bbox 317 3021 462 3092; x_wconf 75' lang='lat' dir='ltr'>Unguibus</span> <span class='ocrx_word' id='word_1_155' title='bbox 476 3018 611 3073; x_wconf 77' lang='lat' dir='ltr'>infodiunt</span> <span class='ocrx_word' id='word_1_156' title='bbox 621 3019 710 3088; x_wconf 74' lang='lat' dir='ltr'>fruges</span> <span class='ocrx_word' id='word_1_157' title='bbox 721 3053 730 3076; x_wconf 90' lang='lat'><em>,</em></span> <span class='ocrx_word' id='word_1_158' title='bbox 742 3019 899 3086; x_wconf 81' lang='lat' dir='ltr'>montesque</span> <span class='ocrx_word' id='word_1_159' title='bbox 911 3031 959 3086; x_wconf 87' lang='lat' dir='ltr'>per</span> <span class='ocrx_word' id='word_1_160' title='bbox 969 3021 1038 3072; x_wconf 91' lang='lat' dir='ltr'>altos</span> <span class='ocrx_word' id='word_1_161' title='bbox 1057 3034 1106 3091; x_wconf 76' lang='lat'>535</span> 
     </span>
     <span class='ocr_line' id='line_1_26' title="bbox 314 3112 978 3181; baseline -0.005 -11"><span class='ocrx_word' id='word_1_162' title='bbox 314 3114 450 3170; x_wconf 80' lang='lat' dir='ltr'>Contenti</span> <span class='ocrx_word' id='word_1_163' title='bbox 466 3114 573 3168; x_wconf 83' lang='lat' dir='ltr'>cervice</span> <span class='ocrx_word' id='word_1_164' title='bbox 588 3115 694 3167; x_wconf 86' lang='lat' dir='ltr'>trahunt</span> <span class='ocrx_word' id='word_1_165' title='bbox 708 3113 840 3166; x_wconf 86' lang='lat' dir='ltr'>stridentia</span> <span class='ocrx_word' id='word_1_166' title='bbox 855 3112 978 3181; x_wconf 81' lang='lat' dir='ltr'>plaustra.</span> 
     </span>
     <span class='ocr_line' id='line_1_27' title="bbox 315 3210 968 3282; baseline -0.008 -14"><span class='ocrx_word' id='word_1_167' title='bbox 315 3216 381 3268; x_wconf 81' lang='lat' dir='ltr'>Non</span> <span class='ocrx_word' id='word_1_168' title='bbox 396 3216 476 3282; x_wconf 86' lang='lat' dir='ltr'>lupus</span> <span class='ocrx_word' id='word_1_169' title='bbox 492 3211 597 3265; x_wconf 87' lang='lat' dir='ltr'>infidias</span> <span class='ocrx_word' id='word_1_170' title='bbox 610 3214 734 3279; x_wconf 85' lang='lat' dir='ltr'>explorat</span> <span class='ocrx_word' id='word_1_171' title='bbox 748 3210 832 3263; x_wconf 89' lang='lat' dir='ltr'>ovilia</span> <span class='ocrx_word' id='word_1_172' title='bbox 848 3210 968 3279; x_wconf 81' lang='lat' dir='ltr'>circum,</span> 
     </span>
    </p>
   </div>
   <div class='ocr_carea' id='block_1_3' title="bbox 316 3307 1048 3467">
    <p class='ocr_par' dir='ltr' id='par_1_3' title="bbox 316 3307 1048 3467">
     <span class='ocr_line' id='line_1_28' title="bbox 316 3307 1048 3382; baseline 0 -17"><span class='ocrx_word' id='word_1_173' title='bbox 316 3313 376 3365; x_wconf 87' lang='lat' dir='ltr'>Nee</span> <span class='ocrx_word' id='word_1_174' title='bbox 389 3311 518 3382; x_wconf 81' lang='lat' dir='ltr'>gregibus</span> <span class='ocrx_word' id='word_1_175' title='bbox 530 3308 675 3365; x_wconf 69' lang='lat' dir='ltr'>noflurnus</span> <span class='ocrx_word' id='word_1_176' title='bbox 692 3310 841 3364; x_wconf 85' lang='lat' dir='ltr'>obambulat</span> <span class='ocrx_word' id='word_1_177' title='bbox 853 3327 862 3370; x_wconf 85' lang='lat'>;</span> <span class='ocrx_word' id='word_1_178' title='bbox 873 3307 960 3363; x_wconf 88' lang='lat' dir='ltr'>aerior</span> <span class='ocrx_word' id='word_1_179' title='bbox 970 3309 1048 3365; x_wconf 87' lang='lat' dir='ltr'>illurn</span> 
     </span>
     <span class='ocr_line' id='line_1_29' title="bbox 355 3406 957 3467; baseline -0.003 -7"><span class='ocrx_word' id='word_1_180' title='bbox 355 3407 444 3461; x_wconf 77' lang='lat' dir='ltr'>Tamus</span> <span class='ocrx_word' id='word_1_181' title='bbox 462 3407 489 3467; x_wconf 89' lang='grc' dir='ltr'>Ι.</span> <span class='ocrx_word' id='word_1_182' title='bbox 938 3406 957 3458; x_wconf 73' lang='lat' dir='ltr'>F</span> 
     </span>
    </p>
   </div>
   <div class='ocr_carea' id='block_1_4' title="bbox 0 0 1452 4325">
    <p class='ocr_par' dir='ltr' id='par_1_4' title="bbox 0 0 1452 4325">
     <span class='ocr_line' id='line_1_30' title="bbox 0 0 1452 4325; baseline 0 0"><span class='ocrx_word' id='word_1_183' title='bbox 0 0 1452 4325; x_wconf 95' lang='lat' dir='ltr'> </span> 
     </span>
    </p>
   </div>
  </div>
 </body>
</html>
