2859 4325
518 627 752 712 Lim
813 625 849 710 I.
979 657 1051 736 173

310 781 454 855 iactatam,
467 790 516 844 hac
531 793 638 846 demum
655 790 744 844 voluit
759 786 898 844 confistcre
914 788 991 840 terrai.

310 889 376 939 Non
391 888 479 958 ignara
495 889 577 951 mali,
592 887 696 940 miseris
713 889 864 940 succurrere
882 886 967 938 disco·
1047 884 1100 949 630

311 983 357 1035 Sic
374 1000 520 1037 memorati
537 984 613 1036 simul
631 983 734 1035 AEnean
752 981 781 1033 in
797 980 868 1052 regia
885 979 957 1033 ducit
1003 984 1007 991 “

310 1080 412 1142 Τεᾶας
427 1081 504 1133 simul
519 1079 623 1132 Divitrn
638 1078 746 1146 templis
764 1079 860 1131 indicit
875 1080 1018 1132 honorem.

310 1179 368 1230 Nec
384 1178 472 1230 minuis
491 1178 593 1230 interea
611 1175 691 1228 sociis
707 1177 741 1230 ad
755 1175 847 1227 littora
863 1175 947 1227 mittit
968 1187 969 1195 ¹

309 1273 419 1344 Viginti
434 1289 544 1333 tauros,
560 1288 716 1341 magnorum
733 1271 869 1324 horrentia
884 1287 990 1324 centum

308 1364 398 1436 Terga
405 1369 480 1420 suurn
489 1368 614 1438 ‚pingues
622 1383 728 1421 centum
736 1373 795 1421 curn
801 1366 1029 1438 matribusagnos,
1044 1368 1094 1435 635

310 1463 424 1514 Munera
437 1463 611 1532 laetitiarnque
622 1462 671 1516 ilii.

305 1560 344 1611 uit
360 1561 455 1613 domus
470 1560 583 1615 interior
596 1561 679 1633 regali
694 1562 828 1632 splendida
844 1564 910 1615 luxu

307 1657 465 1723 instruitur,
484 1659 630 1728 mediisque
646 1673 739 1729 parant
755 1658 885 1712 convivia
904 1656 990 1711 retiis.
1018 1648 1023 1652 ¹
1097 1686 1102 1698 .

307 1754 372 1807 Arte
388 1756 512 1808 laborata
532 1755 617 1809 vestes
630 1792 637 1819 ,
652 1755 777 1836 ostroque
794 1756 925 1824 superbo:

308 1851 405 1919 Ingens
423 1866 560 1920 argentum
577 1852 691 1916 meniis,
709 1855 852 1922 caelataque
868 1853 897 1904 in
914 1869 979 1904 auro
1044 1850 1097 1912 640

307 1945 400 1998 Fortia
416 1945 482 1998 fasta
498 1961 619 2014 patruni,
634 1945 714 2001 series
728 1947 877 2018 longiffima
892 1964 996 2009 rerum,

308 2043 360 2097 Per
372 2058 413 2096 tot
430 2043 505 2097 ducit
523 2043 728 2125 viros'antiquae
746 2047 778 2098 ab
796 2044 901 2115 origine
918 2045 1015 2115 gentis.

285 2123 288 2128 ¹
343 2140 441 2195 AEneas
454 2141 641 2213 (nequeenim
653 2143 755 2212 patrius
766 2141 904 2196 consistere
917 2157 1034 2194 mentem
1094 2171 1100 2189 .·

306 2237 395 2292 Paffus
406 2239 499 2305 arnor)
508 2241 627 2308 rapidum
638 2241 670 2293 ad
680 2257 763 2294 naves
774 2238 913 2309 praemittit
924 2238 1053 2297 Achaten,

307 2333 421 2387 Ascanio
437 2335 502 2387 fetat
514 2336 585 2399 haec,
602 2335 741 2404 ipsumque
757 2337 789 2387 ad
803 2332 904 2386 moenia
919 2334 1004 2386 ducat.
1043 2332 1094 2395 645

308 2427 408 2481 Omnis
425 2428 455 2482 in
470 2430 584 2482 Ascanio
599 2428 652 2482 cari
667 2429 715 2483 stat
731 2445 792 2481 cura
808 2427 936 2497 patentis.

307 2524 422 2577 Munera
437 2541 580 2594 praererca,
596 2523 682 2577 Iliacis
698 2538 789 2593 erepta
806 2522 907 2584 ruinis,

306 2620 490 2687 Ferrejube13
506 2624 602 2690 pallam
621 2621 700 2692 signis
717 2638 835 2691 auroque
854 2621 1001 2691 rigentem,
1074 2682 1077 2687 ‚
1096 2660 1098 2664 ψ

306 2720 339 2771 Et
356 2719 559 2773 circumtextum
576 2737 672 2773 croceo
687 2722 811 2774 velamen
826 2720 955 2782 acantho,

308 2817 427 2870 Ornatus
442 2816 548 2885 Argivae
565 2817 673 2869 Helenae
685 2831 693 2867 t
707 2833 776 2885 quos
794 2817 840 2868 illa
855 2814 995 2883 Mycenis,
1042 2812 1095 2877 650

307 2909 1021 2980 Pergamacompeteretinconceuosquerrymenaeos,

306 3008 465 3067 Extulerat,
484 3005 576 3058 matris
592 3006 668 3058 Ledo
683 3004 804 3067 mirabile
817 3006 932 3059 donum.

307 3106 437 3159 Praeterea
453 3103 604 3169 sceptrum,
621 3102 707 3155 Ilione
725 3103 799 3172 quod
816 3100 924 3171 gcfferat
940 3098 1007 3154 olim
1089 3147 1095 3160 ,

306 3200 429 3253 Maxima
446 3214 566 3251 natatum
582 3196 698 3261 Priami,
716 3200 841 3268 colloque
859 3200 961 3251 monile

307 3294 635 3384 Baccaturn‚&duplicenr
645 3295 758 3369 gemmis
767 3313 884 3367 auroque
894 3298 1092 3365 coronam..655

874 3393 905 3447 Η
919 3392 948 3461 iij
