2859 4325
383 930 434 1017 P.
460 925 1047 1021 VIRGlLllMARON183

355 1067 558 1134 mucrona
579 1071 653 1133 rttt.
675 1071 754 1134 cta
761 1069 867 1132 voto
886 1072 1081 1134 nouato.

322 1161 429 1282 Pon.
440 1228 612 1281 Vrnotttus
625 1227 721 1280 Mino
735 1224 888 1296 patentibus
904 1224 1018 1279 modicis
1035 1228 1088 1281 suit
1104 1259 1114 1287 .

321 1302 347 1352 dt
363 1300 503 1370 precipue
520 1318 594 1370 parre
610 1302 747 1365 Marone,
765 1317 845 1369 quem
862 1299 969 1368 quidam
984 1301 1114 1369 opificem

321 1372 457 1445 sigulutn,
480 1377 569 1443 plures
590 1374 677 1444 lvlagii
698 1372 853 1439 cujusdam,
875 1373 1009 1434 viatoris,
1032 1374 1116 1427 initio

322 1449 542 1512 mercenarium,
559 1465 626 1502 mox
643 1450 679 1501 ob
696 1447 847 1501 industriam
865 1463 1014 1517 generum,
1032 1451 1116 1501 tradi-

326 1522 444 1582 deruntt
464 1539 544 1592 quem
560 1523 620 1575 crim
635 1521 844 1592 agricolationi,
861 1522 953 1589 reique
970 1520 1072 1574 ruslicae
1088 1524 1116 1574 dt

324 1597 468 1667 gregibus,
479 1594 635 1664 prefecisset
649 1598 739 1659 socer,
757 1595 831 1647 silvis
843 1594 996 1647 coemendis
1015 1595 1043 1647 dt
1057 1597 1117 1662 api·

311 1669 373 1723 -bus
384 1671 508 1723 curandis
526 1672 639 1722 reculam
652 1669 737 1722 auxit.
751 1670 835 1721 Natus
854 1666 899 1721 est.
918 1665 971 1721 Cn.
982 1666 1115 1736 Pompeio

324 1742 447 1812 Magno,
468 1745 495 1796 dt
510 1743 549 1798 M.
561 1743 665 1796 Licinio
679 1742 769 1796 Crasso
786 1741 901 1810 primittn
918 1738 1003 1801 coll„
1022 1739 1118 1795 Iduum

324 1817 487 1870 Ostobrium
499 1818 562 1880 die,
577 1817 605 1868 in
617 1834 706 1886 pago,
721 1816 768 1885 qui
784 1817 871 1867 Andes
882 1813 996 1872 dicitur,
1016 1814 1063 1883 qui
1079 1816 1116 1868 esi

323 1907 340 1942 a
352 1891 467 1944 Mantus
484 1907 539 1944 uon
553 1894 655 1959 procul.
670 1891 810 1958 Praegnans
822 1905 857 1940 eo
872 1903 957 1941 mater
967 1888 1117 1943 somniavit

283 1966 292 1974 '
322 1962 418 2028 Maia,
435 1965 544 2018 enixam
563 1965 589 2016 se
610 1967 728 2017 laureum
748 1978 871 2024 ramum,
892 1977 971 2029 quem
991 1961 1117 2016 contrusa

322 2040 395 2092 terrd
407 2038 546 2092 confestim
558 2053 677 2090 cerneret
687 2035 827 2100 coaluisse,
840 2034 1024 2089 &excrevisse
1037 2035 1115 2090 illicd

321 2111 479 2184 inspeciem
496 2128 605 2165 maturae
623 2112 724 2165 arboris
740 2145 748 2171 ‚
768 2111 870 2165 tesertae
885 2109 966 2163 variis
979 2110 1069 2178 pontis
1086 2111 1115 2163 δι

322 2188 457 2249 floribus3
474 2204 505 2240 ac
517 2187 637 2256 sequenti
654 2189 712 2239 luce
727 2220 735 2245 ‚
757 2202 817 2237 cum
832 2186 928 2237 marito
944 2202 987 2237 rus
999 2184 1116 2251 propio-

325 2279 408 2330 quum
424 2277 537 2332 petens,
558 2277 593 2313 ex
605 2260 701 2312 itinere
712 2258 842 2320 divertit,
860 2272 938 2326 atque
954 2258 983 2308 in
997 2258 1115 2322 subjesld

324 2336 397 2389 sossd
414 2352 492 2404 partu
506 2338 593 2387 levata
608 2334 653 2385 est.
669 2336 767 2385 Ferunt
778 2332 905 2384 infantem
920 2366 926 2385 .
947 2346 976 2381 ut
991 2330 1043 2382 suit
1055 2334 1114 2383 edi-

324 2425 389 2473 tus,
407 2426 456 2462 nec
473 2407 591 2479 vagisse,
609 2409 635 2460 dt
650 2406 716 2460 adeo
731 2406 791 2457 miti
802 2406 879 2456 vultu
894 2402 986 2465 luisse,
1005 2419 1033 2454 ur
1045 2407 1114 2457 haud

325 2485 434 2538 dubiam
450 2485 522 2551 spem
535 2482 713 2550 prosperioris
729 2478 856 2547 geniturae
870 2476 921 2537 iam
941 2492 996 2527 tum
1014 2477 1117 2530 indicn-

323 2573 376 2612 ret.
392 2558 424 2608 Et
437 2556 539 2610 acceslit
551 2557 622 2607 aliud
639 2553 815 2623 praesagium:
831 2549 957 2619 liquidem
974 2548 1049 2618 virga
1064 2568 1116 2618 po-

324 2636 427 2701 pulea,
449 2647 524 2683 more
546 2630 665 2698 regionis
688 2629 716 2680 in
739 2625 886 2694 puerperiis
909 2626 1004 2676 eodem
1027 2625 1116 2678 slatint

324 2707 389 2758 loco
405 2704 533 2772 depasta,
551 2704 589 2756 ita
601 2703 676 2756 brevi
687 2700 809 2762 coaluit,
828 2715 856 2750 ut
867 2695 954 2751 multo
971 2696 1034 2751 ante
1048 2701 1117 2751 saras

323 2780 443 2847 populos
460 2778 612 2848 adaequarit.
635 2778 703 2843 Quae
720 2777 798 2827 arbor
815 2772 924 2841 Virgilii
941 2788 975 2822 ex
992 2787 1026 2822 eo
1045 2772 1116 2824 dicia

325 2868 404 2921 atque
420 2852 570 2905 consecrata
588 2850 624 2902 cll
637 2870 645 2911 3
658 2849 760 2902 summi
777 2847 944 2916 gravidarum
961 2844 1117 2899 &setarum

322 2927 475 2996 religione,
493 2925 691 2991 suscipientium
710 2923 747 2973 tbi
766 2924 791 2972 ἃ
808 2919 969 2971 solventium
988 2934 1063 2975 vota.
1114 2966 1117 2972 ,

358 3001 439 3052 Initia
455 3000 541 3051 attaris
554 3037 562 3061 ,
576 2998 603 3051 id
618 2998 674 3053 est.
691 2995 819 3063 usquead
834 2992 976 3059 septimum
992 2989 1115 3058 annum,

322 3076 466 3127 Cremona
485 3073 560 3141 egit;
579 3073 604 3123 δι
620 3072 724 3122 decimo
742 3066 836 3136 quinto
853 3082 924 3117 anno
941 3064 1047 3118 virilem
1066 3080 1114 3120 to·

322 3167 380 3215 gam
395 3148 481 3214 cepit.
496 3146 548 3198 illis
562 3145 712 3197 consulibus
726 3143 822 3193 iterum
850 3140 945 3208 quibus
957 3153 1032 3190 natus
1045 3156 1113 3194 erar.¹

321 3224 473 3289 Evenirque
485 3259 493 3282 ,
506 3236 579 3272 uteo
591 3219 650 3285 ipso
663 3219 705 3268 die
720 3215 855 3267 Lucretius
869 3214 949 3281 poeta
961 3214 1112 3265 decederer.

321 3299 372 3351 Sed
390 3295 524 3365 Virgilius
544 3293 675 3344 Cremonis
690 3291 892 3346 Mediolanum,
915 3285 1012 3337 &inde
1029 3286 1111 3354 patilo

320 3370 379 3438 poll
391 3368 534 3434 Neapolim
550 3366 657 3417 transiit.
674 3364 726 3415 Ubi
744 3362 803 3415 citm
821 3361 916 3412 litteris
930 3361 955 3412 ἃ
968 3359 1069 3412 Graecis
1083 3363 1110 3410 &

322 3446 423 3498 Latinis
449 3439 704 3496 vehementissimam
726 3453 836 3508 opetum
856 3433 985 3510 dedill'et,
1008 3436 1112 3490 tandem

363 3520 463 3579 Tttntts
483 3512 507 3574 I.
974 3502 993 3562 b
