2859 4325
607 591 809 661 Vtra.
1057 617 1102 665 xv

303 709 391 780 sopiit
410 710 522 780 cognosci
540 708 657 780 postem
681 714 707 761 in
727 711 821 761 bonine
837 726 981 779 nequaqam
993 713 1103 782 poffibilt

308 786 342 848 est
351 809 362 849 ,-
376 789 424 856 sed
440 788 468 836 de
486 802 509 836 te
524 784 677 851 conjet'lutaem
692 785 766 835 labeo
777 783 878 851 similem
895 789 964 849 reri,
982 802 1027 851 ue,
1045 792 1103 856 quid

309 865 440 916 uocauit
451 874 521 927 putet
535 874 592 909 tures
603 895 611 920 ,
620 858 684 925 scire
697 857 790 926 poffim.
809 858 921 911 Attente
938 859 1105 927 exspectabat

310 935 443 1009 Augustus
459 924 585 1001 quidnam
600 934 712 985 diceret.
728 935 763 985 Ar
776 934 822 984 ille
837 951 844 985 :
861 931 985 1004 Quonim
999 952 1042 1003 ego
1056 953 1102 986 rent

311 1010 445 1082 intelligere
456 1003 565 1075 μυμῦ,
581 1005 676 1073 ΡΨΝῙΙ
684 1005 757 1074 filius
772 1024 816 1066 et,
831 1005 931 1075 iuquit.
949 1008 1102 1075 Obstupue-

309 1098 351 1138 rat
367 1084 479 1141 Caesar3
499 1082 527 1133 ἃ
545 1080 650 1144 statim,
668 1096 723 1149 quo
740 1080 767 1131 id
784 1078 864 1147 pasto
882 1079 942 1132 sieri
963 1079 1106 1149 potuerit,

312 1157 401 1211 animo
418 1154 555 1208 volvebat.
572 1153 772 1220 lotenumpens
787 1152 919 1223 Virgilius
935 1174 942 1207 z
956 1156 1041 1210 Audi.
1062 1155 1104 1207 in·

310 1230 393 1301 quit,
413 1247 461 1299 quo
479 1226 550 1296 17an
568 1229 596 1277 id
614 1226 717 1291 conjicio
735 1242 745 1276 .·
762 1225 814 1276 crint
836 1229 939 1293 quedam
962 1232 1103 1279 enuntirsrr'tt

309 1308 521 1373 predixerimqrte,
538 1318 588 1369 quet
601 1301 706 1369 intelligi
712 1299 815 1367 scirique
829 1318 878 1350 non
891 1300 937 1365 nist
949 1301 978 1350 ab
991 1304 1103 1369 eruditis·

305 1378 376 1445 finis
385 1374 529 1445 famisque
539 1377 596 1426 viris
603 1370 733 1442 potuissent
743 1392 757 1433 a
768 1388 814 1433 tu,
826 1372 937 1441 Princeps
948 1374 1029 1438 orbis,
1045 1380 1103 1427 item

312 1451 337 1502 6·
354 1456 411 1503 item
420 1467 496 1520 penes
513 1451 539 1498 in
556 1450 679 1499 mercedem
694 1449 749 1497 dari
756 1445 843 1515 juffistt'
857 1466 864 1500 e
879 1450 941 1515 quod
956 1453 1047 1516 quidem
1058 1466 1103 1500 aut

308 1526 427 1595 pistorie,
447 1538 491 1576 aut
508 1525 561 1573 nati
581 1522 665 1589 pistre
682 1520 789 1590 officium
806 1535 866 1573 erat.
890 1521 990 1574 Placuit
1005 1523 1104 1578 Caesari

311 1599 418 1653 facetia.
434 1602 471 1649 At
483 1599 612 1665 deinceps,
630 1597 657 1647 in
678 1597 719 1648 uit
732 1595 836 1657 Caesar,
850 1612 898 1645 non
916 1614 931 1643 a
942 1596 1045 1663 pistore,
1058 1596 1104 1663 fed

310 1693 327 1723 e
343 1693 396 1745 rege
410 1672 563 1742 magnanimo
580 1672 642 1719 dona
652 1613 726 1734 ἧκε.
746 1668 877 1738 illumque
893 1671 1003 1738 plurimi
1018 1671 1082 1723 secit
1091 1708 1104 1733 ,

311 1748 340 1801 δι
353 1747 472 1801 Pollioni
488 1746 692 1798 commendavit.

350 1824 475 1889 Corpore
491 1819 518 1872 δι
532 1816 627 1869 starum
642 1816 693 1869 suit
702 1814 794 1886 grandi
806 1854 815 1880 ‚
828 1814 920 1886 aquilo
937 1818 1048 1879 colore,
1063 1817 1104 1872 sa·

310 1895 353 1950 cie
370 1890 688 1956 mercennariumque
706 1890 802 1952 variar
821 1907 882 1943 nam
897 1892 1053 1961 plerumque
1071 1897 1105 1944 ab

311 1969 468 2030 stomacho,
484 1966 510 2019 &
520 1963 658 2027 saucibus,
674 1978 704 2016 ac
715 1964 808 2016 dolote
820 1963 933 2032 capitis,
948 1966 1104 2021 laborabat:

312 2040 472 2113 sanguinem
486 2039 569 2093 etiam
586 2036 680 2107 sapius
697 2036 789 2103 reiecit
806 2037 877 2090 :cibi
894 2036 1006 2107 vinique
1021 2040 1107 2092 mini·

313 2116 362 2172 mi.
380 2117 419 2170 lta
437 2130 498 2169 eum
514 2129 612 2182 pueros
628 2109 723 2164 amasse
740 2124 917 2181 putaverunt.
936 2130 965 2166 ut
980 2114 1103 2167 Socratet

313 2191 479 2245 Alcibiadem
492 2224 500 2248 ,
521 2188 546 2239 δι
557 2186 634 2239 Plato
644 2186 705 2238 suos
723 2201 831 2252 pueros.
843 2187 945 2239 Verum
962 2189 1032 2239 inter
1043 2206 1104 2241 om·

313 2282 362 2318 ues
377 2260 498 2317 maxime
515 2260 610 2314 dilexit
624 2259 751 2312 Cebetem
770 2261 795 2312 δι
810 2264 1006 2321 Alexandrum,
1022 2280 1104 2330 quem

313 2338 427 2392 secunda
440 2336 626 2389 Bucolicorum
640 2334 737 2402 Eclogi
752 2334 849 2386 Alexin
865 2337 1001 2401 appellat,
1019 2337 1106 2388 dona·

314 2428 374 2465 tum
391 2412 438 2465 sibi
460 2414 491 2461 ab
508 2409 600 2461 Asinio
618 2408 753 2461 Pollione.
777 2408 927 2475 Utrumque
944 2425 996 2457 non
1012 2407 1104 2462 ineru-

313 2486 403 2540 ditum
418 2482 534 2541 dimisit3
549 2484 727 2534 Alexandrum
741 2480 960 2547 grammaticum,
977 2480 1105 2536 Cebetem

314 2557 387 2613 verti
408 2559 435 2611 bt
455 2557 572 2625 poetam.
593 2556 651 2608 Ore
671 2555 696 2605 δι
714 2556 806 2606 animo
824 2570 877 2606 tam
897 2556 1010 2623 probum
1028 2556 1104 2611 suili'e

313 2632 437 2697 constat,
456 2646 485 2683 ut
502 2628 617 2698 Neapoli
636 2628 787 2679 Partheniae
806 2626 889 2698 vulgi)
907 2631 1106 2698 appellaretutt

315 2724 366 2770 ac,
386 2706 405 2758 si
427 2706 534 2777 quando
553 2704 667 2765 Rornae,
689 2700 744 2769 ‘luti
767 2700 893 2756 tariffime
918 2707 1105 2766 commeabat,

314 2781 448 2835 viseretur
466 2781 495 2831 in
514 2775 641 2845 publico,
660 2776 787 2828 sementes
803 2776 1061 2844 demonstrantesqtte
1077 2780 1106 2831 se

314 2855 494 2923 subterfugere
510 2850 618 2903 solitum
636 2850 663 2901 in
678 2849 834 2918 proximum
850 2849 958 2904 testum.
972 2851 1047 2904 Bona
1060 2870 1106 2905 att·

314 2946 369 2981 tem
384 2928 520 2990 cujusdam
537 2923 672 2975 exulantis
687 2922 817 2975 offerente
833 2922 970 2992 Augusto,
989 2942 1045 2978 nou
1062 2929 1105 2981 su·

312 3003 402 3055 slinuit
417 3001 549 3068 accipere.

351 3074 468 3130 Possedit
485 3069 573 3140 prope
589 3070 689 3123 centies
706 3068 871 3132 sestertium,
888 3086 923 3123 ex
938 3070 1094 3128 liberalitati

314 3152 362 3203 bus
375 3150 526 3201 amicorum
539 3181 547 3204 ‚
560 3146 702 3213 habuitque
713 3145 821 3195 domum
836 3145 926 3196 Rome
938 3146 965 3196 in
978 3147 1104 3215 Esquiliis

314 3224 387 3291 juxta
404 3226 502 3275 hortos
514 3218 689 3276 Macenati33
705 3235 863 3285 quamquam
881 3218 974 3271 sccellu
988 3220 1104 3290 Campa·

313 3300 365 3351 uia
382 3298 538 3363 Siciliaque
555 3291 697 3362 plurimtim
720 3308 846 3343 uteretur.
871 3293 1051 3363 Quaecumque
1071 3299 1104 3352 ab

314 3371 432 3440 Augusto
445 3379 566 3438 peteret,
585 3368 714 3433 repulsam
730 3382 874 3433 numquam
891 3367 991 3419 habuit.
1009 3370 1104 3422 Paten-

314 3447 382 3506 rbus
404 3440 554 3520 quotannis
569 3457 663 3495 autum
680 3440 712 3495 acl
735 3440 908 3498 abundantem
927 3442 1020 3495 alitum
1037 3444 1104 3498 mit·

926 3510 985 3593 bij
