2859 4325
324 749 344 792 x
487 724 938 796 PrrAEFATJo

324 869 474 947 Laudenfi,
488 866 598 949 eiusque
613 869 764 928 AEuernos
777 883 1024 942 supereumm
1038 871 1112 952 quod
1142 878 1156 947 *j

318 947 354 1006 'iu
377 948 521 1008 nonnullis
540 949 685 1010 codicibus
706 947 826 1029 sequitur
851 947 953 1030 Opera
976 949 1114 1033 Virgiliit
1153 956 1156 961 ’

323 1029 457 1169 puodque
478 1031 508 1088 iu
528 1031 583 1090 hac
604 1029 700 1090 nostri
726 1030 850 1090 editione
875 1029 1060 1108 recepimus,
1079 1033 1113 1095 ed

336 1111 415 1170 oliuu
436 1112 568 1182 rarione,
586 1129 637 1182 ut,
657 1112 793 1192 quantiam
813 1109 873 1170 fieri
892 1108 1007 1192 posset,
1025 1115 1113 1194 aequi·

324 1209 488 1273 pararentur
514 1192 669 1254 volumina.
697 1193 821 1252 Laudum
848 1189 907 1251 five
933 1194 1114 1254 Laus-Pom-

322 1275 406 1352 peia,
425 1271 564 1354 oppidum
581 1271 790 1354 Longobardiae
810 1270 930 1354 (Lodi)
949 1274 1044 1352 patria
1062 1272 1114 1343 fuit

325 1355 447 1433 Mapuaei
472 1356 548 1434 Vegii
560 1376 573 1426 ,·
596 1355 643 1433 qui
672 1351 745 1412 obiit
766 1373 811 1412 an.
838 1350 925 1433 1458.
949 1352 999 1411 vel
1027 1373 1111 1436 1459.

307 1432 443 1515 'Eugenii
469 1433 554 1514 Papae
580 1452 631 1493 tv.
655 1431 818 1502 Damius,
839 1432 872 1492 &
894 1431 1061 1492 Canonicus
1083 1434 1112 1497 8.

325 1513 425 1586 Petri,
447 1514 559 1575 Romae.
582 1517 693 1593 Scripfit
712 1513 796 1572 multa
819 1515 929 1592 pedestri
955 1512 984 1572 dr
1007 1517 1113 1598 equestri

325 1597 442 1652 oratione
468 1594 538 1673 (src
562 1597 638 1653 enim
662 1594 763 1674 legitur
786 1596 815 1652 in
837 1595 1113 1658 Biblioth.,Parrum,

325 1677 411 1755 lugd.
430 1683 565 1752 1677.to.
585 1685 631 1735 26.
646 1696 674 1754 p.
692 1684 711 1734 6
711 1673 780 1753 μ)
799 1676 936 1735 :carmine
954 1677 1059 1754 quidem
1076 1678 1114 1737 li·

324 1757 397 1814 hrum
421 1759 452 1814 de
476 1758 578 1815 ultimis
597 1759 693 1816 AEntae
714 1758 791 1836 gestis
819 1755 845 1813 δ’
871 1757 1014 1828 olitione3
1042 1779 1113 1839 quern

324 1838 439 1895 tertium
457 1837 601 1896 decimum
618 1836 756 1896 AEneidos
774 1838 956 1916 nuncupavit:
975 1859 1027 1896 non
1045 1840 1118 1918 quafi

324 1915 499 1996 imperfellum
522 1918 570 1997 effe
592 1940 658 1998 opus
676 1919 800 1977 Maronis
816 1934 946 1995 patraret,
965 1916 1017 1996 sed
1034 1923 1114 1978 utin

320 2001 437 2079 poiticis
450 2001 580 2076 ingenium
593 2043 602 2071 ‚
615 2001 653 2057 ad
669 2012 724 2076 qu'ae
730 1996 881 2076 finimur,
899 2016 1035 2058 exerceret.
1049 1999 1114 2060 Hoc

325 2098 395 2159 ergo
417 2079 582 2158 opusculum
600 2078 749 2148 confecit,
772 2098 830 2136 non
849 2078 928 2158 quod
947 2079 1071 2162 Virgilio
1090 2080 1116 2138 se

324 2173 426 2241 parem
439 2159 554 2218 iaceret
573 2179 619 2218 aut
640 2158 791 2228 crederet,
814 2175 844 2216 ut
864 2156 955 2238 ipsum
975 2161 1117 2255 invidiosp

324 2239 442 2318 quidam
458 2239 673 2310 infimuliruut,
692 2238 739 2299 sed
755 2239 792 2299 ad
811 2240 958 2320 propriam
975 2239 1053 2301 suam
1066 2260 1120 2306 uu*
1152 2316 1154 2320 ,

284 2345 286 2348 ·
322 2320 433 2380 litatem
455 2323 485 2381 ὃ(
506 2320 746 2379 oblediamenrum
768 2342 775 2378 :
798 2340 857 2377 non
878 2322 1029 2402 ignorabat
1050 2344 1120 2403 pro·

324 2400 422 2473 fedo,
443 2421 473 2460 ur
494 2400 618 2459 afferrtur
641 2404 670 2459 in
693 2400 777 2479 ipsius
799 2401 879 2471 viti,
904 2423 975 2481 opus
1003 2399 1121 2485 Virgilii

325 2478 381 2542 effe
406 2482 585 2562 perficium,
610 2484 642 2543 &
667 2481 809 2541 adiouem
833 2484 1030 2561 completam,
1055 2482 1118 2563 post

324 2562 417 2622 Turni
433 2565 547 2623 exitum.
560 2562 717 2635 Ceterum,
736 2563 791 2621 hoc
812 2562 998 2641 opusculum,
1016 2564 1087 2623 licet
1104 2586 1119 2625 a

320 2641 450 2726 Virgilio
472 2646 584 2727 lougius
602 2643 739 2713 recedat,
762 2641 880 2702 ledores
900 2645 997 2703 hahuit
1020 2646 1120 2724 quibus

326 2744 388 2783 non
403 2727 524 2783 omnino
540 2724 622 2782 fuerit
638 2728 799 2804 ingratum3
820 2724 941 2803 plurima
957 2726 1034 2784 enim
1051 2746 1122 2784 con·

326 2804 400 2862 tinet
422 2804 503 2863 laude
530 2802 712 2884 dignissima,
734 2807 765 2864 ὅ(
780 2825 842 2883 quae
867 2806 943 2865 haud
962 2806 1121 2891 ignobilem

327 2882 437 2944 audiori
455 2883 503 2944 suo
523 2883 631 2944 famam
649 2904 829 2968 pepererunt.

371 3031 569 3096 Gratissimum
587 3036 709 3117 denique
726 3035 952 3096 uosLelloribus
970 3034 1071 3097 uostris
1089 3056 1123 3098 ac

329 3112 444 3193 Virgilii
463 3116 590 3177 studiosis
604 3116 726 3179 satiatos
744 3118 892 3189 arbitrati,
914 3115 934 3176 sr
954 3118 1048 3196 aliqud
1067 3140 1124 3199 ope

330 3192 450 3268 nostri,
468 3196 577 3276 possent
594 3201 624 3256 in
642 3199 750 3258 delediu
769 3199 911 3257 variarum
930 3197 1044 3277 Virgilii
1063 3201 1126 3257 edi·

326 3276 441 3335 tionum
458 3280 659 3346 determinari,
677 3278 749 3358 ipsas
766 3278 802 3336 ad
821 3279 929 3337 calcem
947 3276 1035 3336 nostri
1053 3280 1125 3339 alte-

323 3356 385 3413 rius
407 3357 560 3417 voluminis
584 3358 740 3419 describere
761 3357 924 3418 studuimus.
949 3359 1034 3418 Hauc
1053 3380 1122 3437 ergo

322 3435 489 3497 editionem
512 3441 634 3499 cumulat
657 3441 796 3499 Iudiculus
819 3442 962 3498 editionum
986 3441 1126 3523 Vergilii,

323 3511 401 3600 iutra
433 3516 531 3583 seriem
556 3542 698 3586 annornm
721 3522 820 3606 quibus
844 3519 1011 3603 prodierunt
1034 3520 1127 3606 diget.
