<?xml version="1.0" encoding="UTF-8"?>
<!DOCTYPE html PUBLIC "-//W3C//DTD XHTML 1.0 Transitional//EN"
    "http://www.w3.org/TR/xhtml1/DTD/xhtml1-transitional.dtd">
<html xmlns="http://www.w3.org/1999/xhtml" xml:lang="en" lang="en">
 <head>
  <title>
</title>
<meta http-equiv="Content-Type" content="text/html;charset=utf-8" />
  <meta name='ocr-system' content='tesseract 3.04.00' />
  <meta name='ocr-capabilities' content='ocr_page ocr_carea ocr_par ocr_line ocrx_word'/>
</head>
<body>
  <div class='ocr_page' id='page_1' title='image "./publiivirgiliim00cappgoog/publiivirgiliim00cappgoog_0018.png"; bbox 0 0 2859 4325; ppageno 0'>
   <div class='ocr_carea' id='block_1_1' title="bbox 330 709 932 836">
    <p class='ocr_par' dir='ltr' id='par_1_1' title="bbox 330 709 932 836">
     <span class='ocr_line' id='line_1_1' title="bbox 330 709 932 836; baseline -0.018 -28"><span class='ocrx_word' id='word_1_1' title='bbox 330 709 374 836; x_wconf 63' lang='lat' dir='ltr'>sp</span> <span class='ocrx_word' id='word_1_2' title='bbox 485 728 932 806; x_wconf 8' lang='lat' dir='ltr'><em>*PRAEFATIQ</em></span> 
     </span>
    </p>
   </div>
   <div class='ocr_carea' id='block_1_2' title="bbox 328 843 1122 1049">
    <p class='ocr_par' dir='ltr' id='par_1_2' title="bbox 328 843 1122 1049">
     <span class='ocr_line' id='line_1_2' title="bbox 328 843 1122 967; baseline -0.01 -30"><span class='ocrx_word' id='word_1_3' title='bbox 328 843 362 939; x_wconf 72' lang='lat' dir='ltr'>ce</span> <span class='ocrx_word' id='word_1_4' title='bbox 383 871 513 956; x_wconf 72' lang='lat' dir='ltr'>palaestri</span> <span class='ocrx_word' id='word_1_5' title='bbox 534 871 593 952; x_wconf 86' lang='lat' dir='ltr'>jam</span> <span class='ocrx_word' id='word_1_6' title='bbox 620 852 847 967; x_wconf 78' lang='lat' dir='ltr'>claruerintviri</span> <span class='ocrx_word' id='word_1_7' title='bbox 873 867 1048 965; x_wconf 76' lang='lat' dir='ltr'>dpsiiffimi,</span> <span class='ocrx_word' id='word_1_8' title='bbox 1074 873 1122 955; x_wconf 83' lang='lat' dir='ltr'>qui</span> 
     </span>
     <span class='ocr_line' id='line_1_3' title="bbox 328 950 990 1049; baseline -0.012 -31"><span class='ocrx_word' id='word_1_9' title='bbox 328 956 401 1049; x_wconf 72' lang='lat' dir='ltr'>nihil</span> <span class='ocrx_word' id='word_1_10' title='bbox 417 956 597 1018; x_wconf 75' lang='lat' dir='ltr'>intraslatum</span> <span class='ocrx_word' id='word_1_11' title='bbox 613 953 785 1015; x_wconf 80' lang='lat' dir='ltr'>videbantur</span> <span class='ocrx_word' id='word_1_12' title='bbox 799 950 947 1033; x_wconf 73' lang='lat' dir='ltr'>reliquisse.</span> <span class='ocrx_word' id='word_1_13' title='bbox 988 1021 990 1023; x_wconf 17' lang='lat'>¹</span> 
     </span>
    </p>
   </div>
   <div class='ocr_carea' id='block_1_3' title="bbox 289 1100 1143 2626">
    <p class='ocr_par' dir='ltr' id='par_1_3' title="bbox 327 1100 1121 1351">
     <span class='ocr_line' id='line_1_4' title="bbox 346 1100 1121 1187; baseline -0.004 -19"><span class='ocrx_word' id='word_1_14' title='bbox 346 1135 349 1150; x_wconf 92' lang='lat'><em>·</em></span> <span class='ocrx_word' id='word_1_15' title='bbox 371 1105 401 1168; x_wconf 85' lang='lat' dir='ltr'>A</span> <span class='ocrx_word' id='word_1_16' title='bbox 419 1100 567 1187; x_wconf 88' lang='lat' dir='ltr'>proposito</span> <span class='ocrx_word' id='word_1_17' title='bbox 584 1101 621 1161; x_wconf 89' lang='lat' dir='ltr'>ad</span> <span class='ocrx_word' id='word_1_18' title='bbox 637 1103 819 1184; x_wconf 86' lang='lat' dir='ltr'>incoeptum,</span> <span class='ocrx_word' id='word_1_19' title='bbox 838 1103 888 1162; x_wconf 77' lang='lat' dir='ltr'>vix</span> <span class='ocrx_word' id='word_1_20' title='bbox 906 1101 1012 1182; x_wconf 90' lang='lat' dir='ltr'>aliquid</span> <span class='ocrx_word' id='word_1_21' title='bbox 1030 1104 1121 1165; x_wconf 88' lang='lat' dir='ltr'>inter-</span> 
     </span>
     <span class='ocr_line' id='line_1_5' title="bbox 327 1182 1120 1267; baseline -0.004 -18"><span class='ocrx_word' id='word_1_22' title='bbox 327 1184 380 1249; x_wconf 80' lang='lat' dir='ltr'>fuit</span> <span class='ocrx_word' id='word_1_23' title='bbox 394 1185 544 1247; x_wconf 79' lang='lat' dir='ltr'>momenti.</span> <span class='ocrx_word' id='word_1_24' title='bbox 558 1182 621 1245; x_wconf 90' lang='lat' dir='ltr'>Nec</span> <span class='ocrx_word' id='word_1_25' title='bbox 631 1183 737 1243; x_wconf 86' lang='lat' dir='ltr'>laboris</span> <span class='ocrx_word' id='word_1_26' title='bbox 750 1183 929 1263; x_wconf 82' lang='lat' dir='ltr'>impatientes</span> <span class='ocrx_word' id='word_1_27' title='bbox 941 1226 952 1256; x_wconf 97' lang='lat'>,</span> <span class='ocrx_word' id='word_1_28' title='bbox 964 1204 1018 1244; x_wconf 87' lang='lat' dir='ltr'>nec</span> <span class='ocrx_word' id='word_1_29' title='bbox 1029 1187 1120 1267; x_wconf 68' lang='lat' dir='ltr'>operi</span> 
     </span>
     <span class='ocr_line' id='line_1_6' title="bbox 327 1262 1117 1351; baseline 0 -23"><span class='ocrx_word' id='word_1_30' title='bbox 327 1271 409 1351; x_wconf 86' lang='lat' dir='ltr'>parci</span> <span class='ocrx_word' id='word_1_31' title='bbox 421 1312 431 1340; x_wconf 96' lang='lat'>,</span> <span class='ocrx_word' id='word_1_32' title='bbox 445 1269 538 1328; x_wconf 85' lang='lat' dir='ltr'>varias</span> <span class='ocrx_word' id='word_1_33' title='bbox 553 1309 562 1337; x_wconf 98' lang='lat'>,</span> <span class='ocrx_word' id='word_1_34' title='bbox 583 1266 613 1324; x_wconf 91' lang='lat' dir='ltr'>in</span> <span class='ocrx_word' id='word_1_35' title='bbox 628 1266 716 1324; x_wconf 87' lang='lat' dir='ltr'>variis</span> <span class='ocrx_word' id='word_1_36' title='bbox 735 1262 834 1334; x_wconf 88' lang='lat' dir='ltr'>libris,</span> <span class='ocrx_word' id='word_1_37' title='bbox 852 1282 913 1324; x_wconf 90' lang='lat' dir='ltr'>tum</span> <span class='ocrx_word' id='word_1_38' title='bbox 932 1264 1035 1338; x_wconf 87' lang='lat' dir='ltr'>editis,</span> <span class='ocrx_word' id='word_1_39' title='bbox 1057 1284 1117 1328; x_wconf 88' lang='lat' dir='ltr'>tum</span> 
     </span>
    </p>

    <p class='ocr_par' dir='ltr' id='par_1_4' title="bbox 308 1344 1118 1514">
     <span class='ocr_line' id='line_1_7' title="bbox 308 1344 1118 1432; baseline -0.002 -21"><span class='ocrx_word' id='word_1_40' title='bbox 308 1350 435 1432; x_wconf 80' lang='lat' dir='ltr'>scriptis</span> <span class='ocrx_word' id='word_1_41' title='bbox 454 1391 464 1421; x_wconf 97' lang='lat'>,</span> <span class='ocrx_word' id='word_1_42' title='bbox 485 1345 599 1428; x_wconf 83' lang='lat' dir='ltr'>legendi</span> <span class='ocrx_word' id='word_1_43' title='bbox 621 1344 783 1418; x_wconf 85' lang='lat' dir='ltr'>formulas,</span> <span class='ocrx_word' id='word_1_44' title='bbox 803 1344 890 1426; x_wconf 72' lang='lat' dir='ltr'>quim</span> <span class='ocrx_word' id='word_1_45' title='bbox 911 1345 1118 1409; x_wconf 67' lang='lat' dir='ltr'>accuratissime</span> 
     </span>
     <span class='ocr_line' id='line_1_8' title="bbox 326 1423 1117 1514; baseline -0.001 -23"><span class='ocrx_word' id='word_1_46' title='bbox 326 1428 552 1514; x_wconf 84' lang='lat' dir='ltr'>perpendimus,</span> <span class='ocrx_word' id='word_1_47' title='bbox 572 1426 680 1486; x_wconf 87' lang='lat' dir='ltr'>collatis</span> <span class='ocrx_word' id='word_1_48' title='bbox 700 1428 774 1486; x_wconf 87' lang='lat' dir='ltr'>inter</span> <span class='ocrx_word' id='word_1_49' title='bbox 794 1423 821 1484; x_wconf 90' lang='lat' dir='ltr'>se</span> <span class='ocrx_word' id='word_1_50' title='bbox 840 1446 912 1507; x_wconf 91' lang='lat' dir='ltr'>quos</span> <span class='ocrx_word' id='word_1_51' title='bbox 929 1427 1117 1510; x_wconf 75' lang='lat' dir='ltr'>undequaique</span> 
     </span>
    </p>

    <p class='ocr_par' dir='ltr' id='par_1_5' title="bbox 289 1506 1143 2626">
     <span class='ocr_line' id='line_1_9' title="bbox 289 1506 1117 1592; baseline 0 -20"><span class='ocrx_word' id='word_1_52' title='bbox 289 1534 291 1538; x_wconf 55' lang='lat'><strong><em>⁴</em></strong></span> <span class='ocrx_word' id='word_1_53' title='bbox 327 1510 500 1592; x_wconf 84' lang='lat' dir='ltr'>conquisitos</span> <span class='ocrx_word' id='word_1_54' title='bbox 526 1528 626 1588; x_wconf 87' lang='lat' dir='ltr'>parare</span> <span class='ocrx_word' id='word_1_55' title='bbox 652 1508 735 1566; x_wconf 87' lang='lat' dir='ltr'>nobis</span> <span class='ocrx_word' id='word_1_56' title='bbox 757 1506 844 1565; x_wconf 88' lang='lat' dir='ltr'>licuit.</span> <span class='ocrx_word' id='word_1_57' title='bbox 867 1506 1007 1568; x_wconf 90' lang='lat' dir='ltr'>Nondum</span> <span class='ocrx_word' id='word_1_58' title='bbox 1033 1512 1117 1585; x_wconf 85' lang='lat' dir='ltr'>nobis</span> 
     </span>
     <span class='ocr_line' id='line_1_10' title="bbox 326 1583 1117 1659; baseline 0 -7"><span class='ocrx_word' id='word_1_59' title='bbox 326 1595 488 1652; x_wconf 80' lang='lat' dir='ltr'>innotuerat</span> <span class='ocrx_word' id='word_1_60' title='bbox 511 1590 616 1648; x_wconf 74' lang='lat' dir='ltr'>Visum</span> <span class='ocrx_word' id='word_1_61' title='bbox 637 1586 685 1650; x_wconf 84' lang='lat' dir='ltr'>cl.</span> <span class='ocrx_word' id='word_1_62' title='bbox 706 1587 746 1648; x_wconf 91' lang='lat' dir='ltr'>D.</span> <span class='ocrx_word' id='word_1_63' title='bbox 767 1587 898 1659; x_wconf 74' lang='lat' dir='ltr'>HEYNE,</span> <span class='ocrx_word' id='word_1_64' title='bbox 922 1588 1014 1648; x_wconf 88' lang='lat' dir='ltr'>Acad.</span> <span class='ocrx_word' id='word_1_65' title='bbox 1038 1583 1117 1654; x_wconf 56' lang='lat' dir='ltr'>Go&#39;tss</span> 
     </span>
     <span class='ocr_line' id='line_1_11' title="bbox 325 1667 1118 1756; baseline 0 -22"><span class='ocrx_word' id='word_1_66' title='bbox 325 1676 395 1756; x_wconf 81' lang='lat' dir='ltr'>iing.</span> <span class='ocrx_word' id='word_1_67' title='bbox 420 1671 489 1731; x_wconf 88' lang='lat' dir='ltr'>duas</span> <span class='ocrx_word' id='word_1_68' title='bbox 512 1672 625 1728; x_wconf 87' lang='lat' dir='ltr'>noviter</span> <span class='ocrx_word' id='word_1_69' title='bbox 645 1670 675 1727; x_wconf 88' lang='lat' dir='ltr'>in</span> <span class='ocrx_word' id='word_1_70' title='bbox 695 1668 842 1750; x_wconf 86' lang='lat' dir='ltr'>publicum</span> <span class='ocrx_word' id='word_1_71' title='bbox 865 1667 982 1728; x_wconf 82' lang='lat' dir='ltr'>emisille</span> <span class='ocrx_word' id='word_1_72' title='bbox 1002 1670 1118 1756; x_wconf 82' lang='lat' dir='ltr'><strong>Virgilii</strong></span> 
     </span>
     <span class='ocr_line' id='line_1_12' title="bbox 326 1746 1143 1831; baseline -0.001 -16"><span class='ocrx_word' id='word_1_73' title='bbox 326 1755 487 1823; x_wconf 82' lang='lat' dir='ltr'>editiones,</span> <span class='ocrx_word' id='word_1_74' title='bbox 506 1751 631 1810; x_wconf 85' lang='lat' dir='ltr'>nobilior</span> <span class='ocrx_word' id='word_1_75' title='bbox 651 1771 721 1830; x_wconf 89' lang='lat' dir='ltr'>quas</span> <span class='ocrx_word' id='word_1_76' title='bbox 742 1748 779 1808; x_wconf 89' lang='lat' dir='ltr'>ad</span> <span class='ocrx_word' id='word_1_77' title='bbox 796 1770 849 1807; x_wconf 93' lang='lat' dir='ltr'>nos</span> <span class='ocrx_word' id='word_1_78' title='bbox 870 1749 1024 1831; x_wconf 83' lang='lat' dir='ltr'>paulbpost</span> <span class='ocrx_word' id='word_1_79' title='bbox 1039 1746 1117 1825; x_wconf 73' lang='lat' dir='ltr'>fama</span> <span class='ocrx_word' id='word_1_80' title='bbox 1138 1746 1143 1751; x_wconf 43' lang='lat'>⁵</span> 
     </span>
     <span class='ocr_line' id='line_1_13' title="bbox 326 1827 1118 1931; baseline 0.001 -36"><span class='ocrx_word' id='word_1_81' title='bbox 326 1833 449 1931; x_wconf 86' lang='lat' dir='ltr'>pertulit.</span> <span class='ocrx_word' id='word_1_82' title='bbox 466 1831 635 1892; x_wconf 88' lang='lat' dir='ltr'>Prodietunt</span> <span class='ocrx_word' id='word_1_83' title='bbox 647 1827 767 1911; x_wconf 75' lang='lat' dir='ltr'>Lipsiae,</span> <span class='ocrx_word' id='word_1_84' title='bbox 783 1847 905 1911; x_wconf 87' lang='lat' dir='ltr'>quatuor</span> <span class='ocrx_word' id='word_1_85' title='bbox 917 1848 1035 1912; x_wconf 84' lang='lat' dir='ltr'>utraque</span> <span class='ocrx_word' id='word_1_86' title='bbox 1046 1835 1118 1906; x_wconf 83' lang='lat' dir='ltr'>voll,</span> 
     </span>
     <span class='ocr_line' id='line_1_14' title="bbox 325 1911 1116 1991; baseline -0.016 -15"><span class='ocrx_word' id='word_1_87' title='bbox 325 1915 423 1976; x_wconf 78' lang='lat' dir='ltr'>itt-8⁰.</span> <span class='ocrx_word' id='word_1_88' title='bbox 444 1914 593 1987; x_wconf 76' lang='lat' dir='ltr'>Primam,</span> <span class='ocrx_word' id='word_1_89' title='bbox 611 1913 775 1970; x_wconf 82' lang='lat' dir='ltr'>inchoatam</span> <span class='ocrx_word' id='word_1_90' title='bbox 795 1932 871 1970; x_wconf 90' lang='lat' dir='ltr'>anno</span> <span class='ocrx_word' id='word_1_91' title='bbox 896 1911 992 1991; x_wconf 88' lang='lat'>1767,</span> <span class='ocrx_word' id='word_1_92' title='bbox 1012 1917 1044 1976; x_wconf 71' lang='grc' dir='ltr'>ὃ(</span> <span class='ocrx_word' id='word_1_93' title='bbox 1061 1938 1116 1974; x_wconf 76' lang='lat' dir='ltr'>an.</span> 
     </span>
     <span class='ocr_line' id='line_1_15' title="bbox 325 1990 1116 2073; baseline -0.005 -16"><span class='ocrx_word' id='word_1_94' title='bbox 325 1999 371 2058; x_wconf 90' lang='lat' dir='ltr'>nis</span> <span class='ocrx_word' id='word_1_95' title='bbox 389 1995 455 2056; x_wconf 72' lang='lat' dir='ltr'>oelo</span> <span class='ocrx_word' id='word_1_96' title='bbox 472 1991 650 2064; x_wconf 83' lang='lat' dir='ltr'>absolutam,</span> <span class='ocrx_word' id='word_1_97' title='bbox 669 1993 781 2071; x_wconf 82' lang='lat' dir='ltr'>excepit</span> <span class='ocrx_word' id='word_1_98' title='bbox 798 1990 909 2062; x_wconf 88' lang='lat' dir='ltr'>altera,</span> <span class='ocrx_word' id='word_1_99' title='bbox 929 1996 1009 2052; x_wconf 87' lang='lat' dir='ltr'>annis</span> <span class='ocrx_word' id='word_1_100' title='bbox 1032 1995 1116 2073; x_wconf 86' lang='lat'>1788.</span> 
     </span>
     <span class='ocr_line' id='line_1_16' title="bbox 326 2073 1119 2158; baseline 0 -22"><span class='ocrx_word' id='word_1_101' title='bbox 326 2081 360 2139; x_wconf 87' lang='lat'>&amp;</span> <span class='ocrx_word' id='word_1_102' title='bbox 378 2076 463 2158; x_wconf 85' lang='lat'>1789.</span> <span class='ocrx_word' id='word_1_103' title='bbox 481 2074 626 2155; x_wconf 74' lang='lat' dir='ltr'>persesla‚</span> <span class='ocrx_word' id='word_1_104' title='bbox 646 2094 712 2131; x_wconf 88' lang='lat' dir='ltr'>cum</span> <span class='ocrx_word' id='word_1_105' title='bbox 730 2073 872 2132; x_wconf 89' lang='lat' dir='ltr'>nonnullis</span> <span class='ocrx_word' id='word_1_106' title='bbox 889 2073 1089 2136; x_wconf 87' lang='lat' dir='ltr'>additamentis</span> <span class='ocrx_word' id='word_1_107' title='bbox 1108 2122 1119 2152; x_wconf 97' lang='lat'>,</span> 
     </span>
     <span class='ocr_line' id='line_1_17' title="bbox 325 2153 1127 2233; baseline -0.005 -13"><span class='ocrx_word' id='word_1_108' title='bbox 325 2177 387 2220; x_wconf 90' lang='lat' dir='ltr'>tam</span> <span class='ocrx_word' id='word_1_109' title='bbox 407 2162 436 2217; x_wconf 92' lang='lat' dir='ltr'>in</span> <span class='ocrx_word' id='word_1_110' title='bbox 455 2157 541 2217; x_wconf 82' lang='lat' dir='ltr'>variis</span> <span class='ocrx_word' id='word_1_111' title='bbox 560 2154 749 2225; x_wconf 72' lang='lat' dir='ltr'>ledionibus,</span> <span class='ocrx_word' id='word_1_112' title='bbox 772 2153 856 2233; x_wconf 73' lang='lat' dir='ltr'>quim</span> <span class='ocrx_word' id='word_1_113' title='bbox 875 2155 904 2211; x_wconf 87' lang='lat' dir='ltr'>in</span> <span class='ocrx_word' id='word_1_114' title='bbox 923 2161 1127 2219; x_wconf 50' lang='lat' dir='ltr'>annotationi-s</span> 
     </span>
     <span class='ocr_line' id='line_1_18' title="bbox 325 2235 1117 2319; baseline -0.001 -18"><span class='ocrx_word' id='word_1_115' title='bbox 325 2243 378 2301; x_wconf 89' lang='lat' dir='ltr'>bus</span> <span class='ocrx_word' id='word_1_116' title='bbox 395 2242 427 2300; x_wconf 90' lang='lat'>&amp;</span> <span class='ocrx_word' id='word_1_117' title='bbox 447 2236 668 2319; x_wconf 71' lang='lat' dir='ltr'>prolegomenis·</span> <span class='ocrx_word' id='word_1_118' title='bbox 694 2235 750 2293; x_wconf 86' lang='lat' dir='ltr'>Vix</span> <span class='ocrx_word' id='word_1_119' title='bbox 770 2236 869 2315; x_wconf 84' lang='lat' dir='ltr'>primae</span> <span class='ocrx_word' id='word_1_120' title='bbox 890 2235 1014 2315; x_wconf 89' lang='lat' dir='ltr'>potestas</span> <span class='ocrx_word' id='word_1_121' title='bbox 1035 2241 1117 2301; x_wconf 89' lang='lat' dir='ltr'>nobis</span> 
     </span>
     <span class='ocr_line' id='line_1_19' title="bbox 326 2309 1119 2392; baseline -0.003 -10"><span class='ocrx_word' id='word_1_122' title='bbox 326 2320 367 2383; x_wconf 84' lang='lat' dir='ltr'>est</span> <span class='ocrx_word' id='word_1_123' title='bbox 387 2318 485 2392; x_wconf 67' lang='lat' dir='ltr'>sada,</span> <span class='ocrx_word' id='word_1_124' title='bbox 508 2320 572 2376; x_wconf 79' lang='lat' dir='ltr'>cum</span> <span class='ocrx_word' id='word_1_125' title='bbox 594 2315 706 2375; x_wconf 89' lang='lat' dir='ltr'>summo</span> <span class='ocrx_word' id='word_1_126' title='bbox 730 2309 840 2374; x_wconf 85' lang='lat' dir='ltr'>alterius</span> <span class='ocrx_word' id='word_1_127' title='bbox 863 2316 995 2376; x_wconf 82' lang='lat' dir='ltr'>videndae</span> <span class='ocrx_word' id='word_1_128' title='bbox 1015 2319 1119 2381; x_wconf 86' lang='lat' dir='ltr'>fuimus</span> 
     </span>
     <span class='ocr_line' id='line_1_20' title="bbox 326 2394 1118 2477; baseline -0.001 -14"><span class='ocrx_word' id='word_1_129' title='bbox 326 2400 465 2463; x_wconf 80' lang='lat' dir='ltr'>desiderio</span> <span class='ocrx_word' id='word_1_130' title='bbox 479 2394 589 2457; x_wconf 82' lang='lat' dir='ltr'>accensi</span> <span class='ocrx_word' id='word_1_131' title='bbox 604 2418 611 2455; x_wconf 76' lang='grc' dir='ltr'><em>τ</em></span> <span class='ocrx_word' id='word_1_132' title='bbox 626 2394 672 2453; x_wconf 87' lang='lat' dir='ltr'>sed</span> <span class='ocrx_word' id='word_1_133' title='bbox 689 2395 781 2454; x_wconf 89' lang='lat' dir='ltr'>adhuc</span> <span class='ocrx_word' id='word_1_134' title='bbox 793 2414 853 2456; x_wconf 82' lang='lat' dir='ltr'>erat</span> <span class='ocrx_word' id='word_1_135' title='bbox 866 2395 914 2455; x_wconf 90' lang='lat' dir='ltr'>sub</span> <span class='ocrx_word' id='word_1_136' title='bbox 926 2400 1015 2477; x_wconf 88' lang='lat' dir='ltr'>prelo.</span> <span class='ocrx_word' id='word_1_137' title='bbox 1036 2402 1118 2462; x_wconf 90' lang='lat' dir='ltr'>Dum</span> 
     </span>
     <span class='ocr_line' id='line_1_21' title="bbox 327 2477 1119 2623; baseline 0.001 -81"><span class='ocrx_word' id='word_1_138' title='bbox 327 2504 396 2623; x_wconf 74' lang='lat' dir='ltr'>ergp</span> <span class='ocrx_word' id='word_1_139' title='bbox 410 2478 614 2562; x_wconf 85' lang='lat' dir='ltr'>perficeretur,</span> <span class='ocrx_word' id='word_1_140' title='bbox 633 2477 689 2535; x_wconf 81' lang='lat' dir='ltr'>alib</span> <span class='ocrx_word' id='word_1_141' title='bbox 707 2478 835 2541; x_wconf 87' lang='lat' dir='ltr'>curas&amp;</span> <span class='ocrx_word' id='word_1_142' title='bbox 853 2478 1051 2559; x_wconf 79' lang='lat' dir='ltr'>exquisitiones</span> <span class='ocrx_word' id='word_1_143' title='bbox 1069 2483 1119 2543; x_wconf 89' lang='lat' dir='ltr'>de·</span> 
     </span>
     <span class='ocr_line' id='line_1_22' title="bbox 327 2583 471 2626; baseline 0 0"><span class='ocrx_word' id='word_1_144' title='bbox 327 2583 374 2626; x_wconf 90' lang='lat' dir='ltr'>tor</span> <span class='ocrx_word' id='word_1_145' title='bbox 386 2583 471 2626; x_wconf 81' lang='lat' dir='ltr'>imus.</span> 
     </span>
    </p>
   </div>
   <div class='ocr_carea' id='block_1_4' title="bbox 324 2706 1120 3356">
    <p class='ocr_par' dir='ltr' id='par_1_6' title="bbox 324 2706 1120 3356">
     <span class='ocr_line' id='line_1_23' title="bbox 366 2706 1119 2795; baseline 0.005 -24"><span class='ocrx_word' id='word_1_146' title='bbox 366 2706 507 2771; x_wconf 86' lang='lat' dir='ltr'>Permill&#39;ae</span> <span class='ocrx_word' id='word_1_147' title='bbox 524 2707 607 2766; x_wconf 90' lang='lat' dir='ltr'>nobis</span> <span class='ocrx_word' id='word_1_148' title='bbox 620 2706 752 2780; x_wconf 84' lang='lat' dir='ltr'>suerunt,</span> <span class='ocrx_word' id='word_1_149' title='bbox 776 2729 844 2789; x_wconf 90' lang='lat' dir='ltr'>quas</span> <span class='ocrx_word' id='word_1_150' title='bbox 856 2712 986 2771; x_wconf 82' lang='lat' dir='ltr'>attentibs</span> <span class='ocrx_word' id='word_1_151' title='bbox 1000 2715 1119 2795; x_wconf 84' lang='lat' dir='ltr'>pervol-</span> 
     </span>
     <span class='ocr_line' id='line_1_24' title="bbox 325 2788 1119 2877; baseline 0.004 -26"><span class='ocrx_word' id='word_1_152' title='bbox 325 2793 442 2863; x_wconf 89' lang='lat' dir='ltr'>vimus,</span> <span class='ocrx_word' id='word_1_153' title='bbox 463 2789 525 2848; x_wconf 84' lang='lat' dir='ltr'>duae</span> <span class='ocrx_word' id='word_1_154' title='bbox 544 2788 658 2868; x_wconf 81' lang='lat' dir='ltr'>Virgilii</span> <span class='ocrx_word' id='word_1_155' title='bbox 673 2789 812 2848; x_wconf 81' lang='lat' dir='ltr'>editiones</span> <span class='ocrx_word' id='word_1_156' title='bbox 831 2791 997 2867; x_wconf 80' lang='lat' dir='ltr'>rarissimae,</span> <span class='ocrx_word' id='word_1_157' title='bbox 1013 2818 1119 2877; x_wconf 84' lang='lat' dir='ltr'>peran-</span> 
     </span>
     <span class='ocr_line' id='line_1_25' title="bbox 324 2870 1120 2958; baseline 0.01 -27"><span class='ocrx_word' id='word_1_158' title='bbox 324 2876 435 2953; x_wconf 87' lang='lat' dir='ltr'>tiquae,</span> <span class='ocrx_word' id='word_1_159' title='bbox 460 2891 493 2929; x_wconf 92' lang='lat' dir='ltr'>ac</span> <span class='ocrx_word' id='word_1_160' title='bbox 512 2870 598 2927; x_wconf 90' lang='lat' dir='ltr'>etiam</span> <span class='ocrx_word' id='word_1_161' title='bbox 613 2872 773 2947; x_wconf 78' lang='lat' dir='ltr'>primariae;</span> <span class='ocrx_word' id='word_1_162' title='bbox 798 2892 884 2950; x_wconf 74' lang='lat' dir='ltr'>quae,</span> <span class='ocrx_word' id='word_1_163' title='bbox 909 2895 986 2933; x_wconf 90' lang='lat' dir='ltr'>anno</span> <span class='ocrx_word' id='word_1_164' title='bbox 1017 2879 1120 2958; x_wconf 81' lang='lat'>1784,</span> 
     </span>
     <span class='ocr_line' id='line_1_26' title="bbox 327 2949 1118 3038; baseline 0.016 -27"><span class='ocrx_word' id='word_1_165' title='bbox 327 2974 386 3036; x_wconf 90' lang='lat' dir='ltr'>quo</span> <span class='ocrx_word' id='word_1_166' title='bbox 398 2953 487 3013; x_wconf 84' lang='lat' dir='ltr'>veniit</span> <span class='ocrx_word' id='word_1_167' title='bbox 498 2949 676 3010; x_wconf 85' lang='lat' dir='ltr'>Bibliotheca</span> <span class='ocrx_word' id='word_1_168' title='bbox 685 2950 716 3009; x_wconf 93' lang='lat' dir='ltr'>D</span> <span class='ocrx_word' id='word_1_169' title='bbox 738 2951 828 3010; x_wconf 85' lang='lat' dir='ltr'>Ducis</span> <span class='ocrx_word' id='word_1_170' title='bbox 840 2972 880 3011; x_wconf 80' lang='lat' dir='ltr'>ne</span> <span class='ocrx_word' id='word_1_171' title='bbox 892 2974 932 3015; x_wconf 77' lang='lat' dir='ltr'>ct</span> <span class='ocrx_word' id='word_1_172' title='bbox 943 2956 1118 3038; x_wconf 68' lang='lat' dir='ltr'>Vnumne,</span> 
     </span>
     <span class='ocr_line' id='line_1_27' title="bbox 326 3030 1120 3112; baseline 0.001 -18"><span class='ocrx_word' id='word_1_173' title='bbox 326 3055 393 3095; x_wconf 89' lang='lat' dir='ltr'>cum</span> <span class='ocrx_word' id='word_1_174' title='bbox 414 3032 508 3092; x_wconf 90' lang='lat' dir='ltr'>multis</span> <span class='ocrx_word' id='word_1_175' title='bbox 531 3031 592 3090; x_wconf 87' lang='lat' dir='ltr'>aliis</span> <span class='ocrx_word' id='word_1_176' title='bbox 614 3030 825 3112; x_wconf 71' lang='lat' dir='ltr'>supelleiiilibus</span> <span class='ocrx_word' id='word_1_177' title='bbox 848 3034 987 3097; x_wconf 83' lang='lat' dir='ltr'>litterariis</span> <span class='ocrx_word' id='word_1_178' title='bbox 1007 3043 1036 3100; x_wconf 94' lang='lat' dir='ltr'>in</span> <span class='ocrx_word' id='word_1_179' title='bbox 1059 3045 1120 3106; x_wconf 74' lang='lat' dir='ltr'>Re.</span> 
     </span>
     <span class='ocr_line' id='line_1_28' title="bbox 326 3110 1119 3197; baseline 0.018 -24"><span class='ocrx_word' id='word_1_180' title='bbox 326 3118 405 3197; x_wconf 86' lang='lat' dir='ltr'>giam</span> <span class='ocrx_word' id='word_1_181' title='bbox 427 3112 636 3173; x_wconf 87' lang='lat' dir='ltr'>Bibliothecam</span> <span class='ocrx_word' id='word_1_182' title='bbox 659 3110 833 3172; x_wconf 81' lang='lat' dir='ltr'>transierunt.</span> <span class='ocrx_word' id='word_1_183' title='bbox 860 3116 942 3187; x_wconf 86' lang='lat' dir='ltr'>Has,</span> <span class='ocrx_word' id='word_1_184' title='bbox 964 3122 994 3178; x_wconf 92' lang='lat' dir='ltr'>in</span> <span class='ocrx_word' id='word_1_185' title='bbox 1017 3124 1119 3188; x_wconf 82' lang='lat' dir='ltr'>nostris</span> 
     </span>
     <span class='ocr_line' id='line_1_29' title="bbox 327 3191 1119 3273; baseline 0.013 -20"><span class='ocrx_word' id='word_1_186' title='bbox 327 3198 426 3266; x_wconf 87' lang='lat' dir='ltr'>notis,</span> <span class='ocrx_word' id='word_1_187' title='bbox 448 3191 559 3271; x_wconf 84' lang='lat' dir='ltr'>semper</span> <span class='ocrx_word' id='word_1_188' title='bbox 583 3192 758 3273; x_wconf 85' lang='lat' dir='ltr'>appellamus</span> <span class='ocrx_word' id='word_1_189' title='bbox 779 3193 828 3252; x_wconf 90' lang='lat' dir='ltr'>sub</span> <span class='ocrx_word' id='word_1_190' title='bbox 849 3195 946 3259; x_wconf 87' lang='lat' dir='ltr'>litteris</span> <span class='ocrx_word' id='word_1_191' title='bbox 968 3200 998 3261; x_wconf 86' lang='lat' dir='ltr'><strong>A</strong></span> <span class='ocrx_word' id='word_1_192' title='bbox 1016 3206 1048 3265; x_wconf 73' lang='grc' dir='ltr'>ὅ(</span> <span class='ocrx_word' id='word_1_193' title='bbox 1072 3206 1119 3269; x_wconf 91' lang='lat' dir='ltr'>B:</span> 
     </span>
     <span class='ocr_line' id='line_1_30' title="bbox 326 3270 903 3356; baseline 0.005 -20"><span class='ocrx_word' id='word_1_194' title='bbox 326 3276 462 3348; x_wconf 82' lang='lat' dir='ltr'>Veritm,</span> <span class='ocrx_word' id='word_1_195' title='bbox 479 3292 539 3332; x_wconf 89' lang='lat' dir='ltr'>non</span> <span class='ocrx_word' id='word_1_196' title='bbox 556 3270 616 3331; x_wconf 88' lang='lat' dir='ltr'>sunt</span> <span class='ocrx_word' id='word_1_197' title='bbox 633 3272 796 3333; x_wconf 72' lang='lat' dir='ltr'>austeritate</span> <span class='ocrx_word' id='word_1_198' title='bbox 812 3296 903 3356; x_wconf 88' lang='lat' dir='ltr'>pares.</span> 
     </span>
    </p>
   </div>
   <div class='ocr_carea' id='block_1_5' title="bbox 330 3406 1121 3602">
    <p class='ocr_par' dir='ltr' id='par_1_7' title="bbox 330 3406 1121 3602">
     <span class='ocr_line' id='line_1_31' title="bbox 367 3406 1121 3515; baseline 0.012 -35"><span class='ocrx_word' id='word_1_199' title='bbox 367 3419 484 3513; x_wconf 83' lang='lat' dir='ltr'>Prima,</span> <span class='ocrx_word' id='word_1_200' title='bbox 502 3416 551 3513; x_wconf 64' lang='grc' dir='ltr'>ᾼ,</span> <span class='ocrx_word' id='word_1_201' title='bbox 569 3419 676 3514; x_wconf 65' lang='lat' dir='ltr'>psodiit</span> <span class='ocrx_word' id='word_1_202' title='bbox 688 3421 813 3494; x_wconf 81' lang='lat' dir='ltr'>Romae,</span> <span class='ocrx_word' id='word_1_203' title='bbox 831 3446 907 3485; x_wconf 85' lang='lat' dir='ltr'>anno</span> <span class='ocrx_word' id='word_1_204' title='bbox 924 3428 1000 3511; x_wconf 83' lang='lat'>1469</span> <span class='ocrx_word' id='word_1_205' title='bbox 1009 3476 1020 3503; x_wconf 94' lang='lat'>,</span> <span class='ocrx_word' id='word_1_206' title='bbox 1039 3406 1121 3515; x_wconf 71' lang='lat' dir='ltr'>typis</span> 
     </span>
     <span class='ocr_line' id='line_1_32' title="bbox 330 3502 1117 3602; baseline 0.008 -41"><span class='ocrx_word' id='word_1_207' title='bbox 330 3503 445 3566; x_wconf 77' lang='lat' dir='ltr'>contadi</span> <span class='ocrx_word' id='word_1_208' title='bbox 457 3504 479 3561; x_wconf 86' lang='lat' dir='ltr'><em>S</em></span> <span class='ocrx_word' id='word_1_209' title='bbox 481 3502 628 3561; x_wconf 70' lang='lat' dir='ltr'>occassum</span> <span class='ocrx_word' id='word_1_210' title='bbox 639 3503 672 3565; x_wconf 73' lang='grc' dir='ltr'>δι</span> <span class='ocrx_word' id='word_1_211' title='bbox 683 3506 801 3565; x_wconf 82' lang='lat' dir='ltr'>Amoldi</span> <span class='ocrx_word' id='word_1_212' title='bbox 812 3508 949 3602; x_wconf 65' lang='lat' dir='ltr'>Paupertz</span> <span class='ocrx_word' id='word_1_213' title='bbox 961 3554 970 3583; x_wconf 88' lang='lat'>,</span> <span class='ocrx_word' id='word_1_214' title='bbox 989 3515 1036 3594; x_wconf 89' lang='lat' dir='ltr'>qui</span> <span class='ocrx_word' id='word_1_215' title='bbox 1050 3515 1117 3599; x_wconf 80' lang='lat' dir='ltr'>Ty.</span> 
     </span>
    </p>
   </div>
   <div class='ocr_carea' id='block_1_6' title="bbox 0 0 1434 4325">
    <p class='ocr_par' dir='ltr' id='par_1_8' title="bbox 0 0 1434 4325">
     <span class='ocr_line' id='line_1_33' title="bbox 0 0 1434 4325; baseline 0 0"><span class='ocrx_word' id='word_1_216' title='bbox 0 0 1434 4325; x_wconf 95' lang='lat' dir='ltr'> </span> 
     </span>
    </p>
   </div>
  </div>
 </body>
</html>
