2859 4325
1082 621 1190 700 62
1426 611 2237 700 GEonczcoN

1080 775 1453 831 Pulvetulenta
1481 793 1676 846 coquat
1702 777 1922 830 maturis
1947 777 2161 831 Solibus
2191 776 2366 834 astas.

1082 877 1153 928 At
1171 912 1191 936 ,
1210 874 1249 928 fi
1281 891 1393 928 non
1416 875 1580 928 fuerit
1603 878 1759 930 tellus
1787 876 2008 930 fecunda
2026 914 2045 940 ‚
2066 875 2160 928 sub
2185 874 2366 944 ipsum

1080 971 1362 1025 Arcturum
1391 971 1542 1026 tenui
1568 972 1646 1025 sat
1673 972 1777 1028 etit
1807 973 2120 1042 suspendere
2151 973 2341 1027 sulco:

1080 1069 1197 1123 mic
1214 1104 1231 1128 .
1266 1069 1507 1122 officiant
1531 1069 1668 1123 laetis
1695 1087 1763 1124 ne
1791 1069 2031 1140 frugibus
2057 1070 2275 1131 herbam

992 1167 1068 1219 70
1085 1167 1187 1221 Hic
1199 1205 1216 1230 ,
1235 1167 1468 1221 sterilem
1482 1167 1710 1239 exiguus
1728 1185 1797 1222 ne
1814 1169 2017 1222 deserat
2032 1168 2232 1221 humor
2251 1185 2366 1222 atet

1159 1265 1393 1319 Alternis
1426 1264 1570 1319 idem
1597 1265 1775 1319 tonsas
1808 1263 1998 1319 ceffare
2028 1267 2254 1319 novales
2277 1302 2294 1328 ‚

1082 1363 1148 1416 Et
1177 1363 1394 1434 segnem
1425 1362 1630 1432 patiere
1656 1363 1756 1416 fitu
1784 1363 2056 1417 durescere
2081 1379 2354 1433 campum.

1084 1461 1193 1511 Aut
1225 1458 1302 1511 ibi
1329 1459 1474 1513 flava
1506 1460 1645 1513 setes
1665 1497 1681 1524 ,
1712 1473 1923 1513 mutato
1955 1459 2120 1514 fidere
2137 1497 2157 1526 ,
2182 1455 2350 1524 fati-a*⁹

1084 1558 1242 1612 Unde
1270 1557 1417 1627 prius
1443 1560 1625 1611 laetum
1654 1556 1842 1626 filiqua
1871 1557 2144 1628 quaffante
2173 1562 2366 1630 legum«

997 1661 1065 1713 75
1092 1657 1197 1709 Aut
1232 1670 1418 1710 tenues
1449 1656 1589 1709 fetus
1619 1654 1778 1709 viciae
1799 1694 1817 1720 ‚
1844 1655 2106 1726 tristisque
2137 1656 2317 1726 lupini

1086 1753 1368 1807 sustuleris
1390 1753 1607 1824 fragiles
1637 1754 1870 1806 calamos
1897 1753 2193 1822 filvamque
2214 1754 2366 1806 sonat

1086 1851 1212 1904 Urit
1237 1850 1383 1905 enim
1410 1850 1512 1904 lini
1539 1867 1787 1920 campum
1811 1851 1959 1920 seges
1975 1886 1997 1910 ,
2020 1849 2129 1903 urit
2153 1867 2366 1911 avene,-

1088 1950 1269 2013 Urunt
1294 1951 1491 2002 lethaeo
1519 1949 1729 2018 perfusa
1756 1966 2022 2018 papavera
2052 1948 2275 2002 somno.

1094 2047 1197 2098 Sed
1225 2060 1403 2098 tamen
1438 2046 1657 2098 alternis
1687 2046 1861 2100 facilis
1892 2048 2089 2102 labot‘:
2115 2048 2260 2101 arida
2294 2063 2366 2102 tat

1005 2132 1076 2186 80
1097 2146 1179 2199 Ne
1207 2143 1438 2198 satutare
1472 2143 1608 2199 fimo
1637 2144 1829 2217 pingui
1860 2145 2054 2214 pudeat
2082 2146 2196 2201 sola
2220 2165 2239 2209 ;
2269 2166 2366 2201 net

1092 2242 1295 2297 Effetos
1326 2246 1561 2297 cinerem
1592 2244 1924 2296 immundum
1951 2241 2149 2309 iaQare
2175 2262 2276 2313 pet
2303 2263 2366 2315 ag

1097 2343 1184 2395 Sic
1211 2359 1426 2412 quoque
1460 2342 1678 2395 mutatis
1705 2340 2040 2410 requiescunt
2069 2341 2267 2396 fetibus
2301 2361 2366 2396 ar*

1095 2441 1213 2493 Nec
1246 2442 1388 2492 nulla
1420 2439 1623 2494 interea
1654 2438 1727 2493 est
1759 2438 1972 2492 inaratae
2002 2438 2168 2508 gratia
2199 2455 2366 2495 tertae·

1172 2536 1329 2604 Saepe
1364 2538 1526 2589 etiam
1556 2537 1755 2590 steriles
1793 2536 2074 2591 incendere
2109 2539 2314 2606 profuit
2349 2556 2366 2591 ε

1014 2627 1079 2692 85
1107 2623 1279 2702 Atque
1294 2637 1473 2686 levem
1492 2634 1733 2702 stipulam
1757 2634 2136 2705 crepitantibus
2153 2653 2306 2689 urere
2325 2637 2360 2688 fl

1101 2731 1228 2784 Sive
1256 2730 1379 2783 inde
1408 2734 1642 2784 occultas
1671 2733 1817 2785 vires
1848 2733 1902 2785 δι
1931 2733 2118 2801 pabula
2145 2745 2301 2785 tettae

1101 2830 1323 2901 Pinguia
1348 2829 1666 2898 concipiunt
1693 2849 1711 2890 ·,
1743 2830 1854 2883 five
1885 2830 1995 2885 iuis
2028 2846 2186 2884 omne
2214 2845 2311 2899 per
2336 2829 2366 2897 ig

1100 2928 1434 2999 Excoquitur
1453 2928 1650 2981 vitium
1671 2969 1686 2992 ‚
1711 2942 1870 2998 atque
1891 2928 2112 2981 exsudat
2134 2926 2342 2981 inutilis
2362 2933 2366 2939 ’

1103 3027 1207 3079 Seu
1237 3026 1404 3095 pluris
1432 3028 1579 3079 calor
1606 3026 1698 3078 ille
1725 3025 1844 3079 vias
1878 3026 1929 3078 &
1959 3042 2094 3079 caeca
2124 3028 2327 3079 relaxat

1013 3133 1086 3186 90
1109 3121 1437 3190 spiramenta
1455 3162 1470 3186 ,
1501 3139 1672 3175 novas
1695 3122 1880 3175 veniat
1906 3122 2004 3191 qua
2033 3123 2216 3182 succus
2253 3124 2310 3176 in
2342 3125 2366 3176 h

1106 3221 1211 3272 Seu
1241 3222 1391 3273 durat
1416 3221 1589 3290 tnagis
1609 3258 1626 3284 ,
1663 3220 1715 3272 δι
1746 3235 1908 3272 venas
1939 3211 2177 3290 astringit
2203 3220 2366 3273 hiant<

1105 3317 1190 3370 Ne
1219 3331 1404 3371 tenues
1432 3318 1663 3387 pluviae,
1699 3318 1939 3389 rapidive
1964 3318 2210 3389 potentia
2236 3320 2366 3373 Soli:
