2859 4325
320 626 1058 738 mfflmffiffifflwe·

420 823 608 907 LtssER
657 799 960 923 QUIN‘ros.
1064 790 1066 795 ’

319 967 517 1084 Itanum
534 1027 652 1080 medium
666 1022 763 1079 AEneas
777 1021 831 1091 iam
847 1018 923 1081 classe
941 1028 1046 1084 tenebat

317 1125 414 1179 Certus
426 1126 493 1188 iter,
504 1122 650 1192 fluctusque
661 1136 734 1174 atros
747 1122 878 1188 Aquilone
888 1124 1008 1191 secabat,

315 1220 423 1276 Moenia
438 1216 600 1288 respiciens,
615 1235 674 1286 quae
691 1215 745 1282 jam
761 1215 877 1270 inseiicis
893 1219 968 1273 Elisae

317 1312 590 1372 collucentflammis.
599 1315 666 1381 Quae
673 1328 776 1367 tantum
785 1317 934 1369 accenderit
942 1317 1047 1388 ignem,

316 1413 402 1467 Causa¹
416 1414 496 1465 latete
512 1407 570 1463 duri
586 1422 685 1480 magno
699 1409 744 1463 sed
761 1427 852 1464 amore
866 1409 974 1464 dolores
1093 1431 1107 1482 5

314 1508 441 1571 Polluto‚
453 1522 601 1576 uotumque
612 1544 620 1570 ,
630 1502 720 1560 furens
734 1507 799 1576 quid
810 1505 908 1561 semina
920 1506 1017 1578 possit.

312 1603 396 1657 Triste
405 1620 452 1673 per
460 1602 599 1674 augurium
609 1597 776 1657 Teucrorum
788 1603 895 1672 pedora
909 1606 1018 1657 ducunt.

350 1700 389 1751 Ut
401 1703 509 1771 pelagus
520 1698 629 1753 tenuere
640 1715 708 1753 rates
721 1738 729 1763 ,
740 1717 789 1753 nec
800 1698 853 1767 jam
864 1692 977 1769 amplisu
987 1686 1041 1753 ulia
1091 1683 1094 1689 ,

313 1797 439 1851 Occurrit
446 1792 929 1866 tellustmariauudique.&undique
938 1798 1054 1857 coelumt

315 1893 375 1946 Olli
392 1895 525 1946 coeruleus
542 1894 621 1961 supra
638 1904 717 1962 caput
734 1890 832 1945 adstitit
849 1894 951 1960 imber,
1073 1911 1107 1948 to

311 1989 428 2043 Noctem
436 1990 582 2059 hiememq3
589 1983 869 2052 ferens;‘&iuhottuit
877 1994 945 2046 unda
953 1991 1079 2047 tenebris.

311 2085 371 2154 lpse
389 2090 550 2156 gubernator
564 2087 647 2156 puppi
662 2087 801 2140 Palinurus
819 2088 850 2140 ab
866 2085 936 2141 alti:

312 2184 393 2237 Heu!
411 2185 535 2252 quianam
552 2184 619 2237 tanti
634 2184 778 2237 cinxerunt
794 2185 891 2238 atheta
908 2183 1013 2239 nimbi?

311 2277 421 2344 Quidve
428 2315 435 2341 ,
443 2293 516 2345 pater
523 2280 647 2345 Neptune
654 2313 663 2335 ,
671 2295 746 2346 paras
757 2280 819 2333 {Sic
827 2278 1033 2333 deindelotutus
1043 2316 1052 2340 ‚

311 2372 447 2443 Colligere
456 2391 522 2425 arma
530 2373 603 2434 iubet
611 2411 619 2435 ,
628 2374 775 2441 validisque
784 2374 935 2427 incumbere
944 2367 1025 2429 remit
1032 2394 1043 2437 3
1074 2391 1103 2442 ¹5

312 2468 493 2538 Obliquatq'ue
509 2468 579 2520 finus
595 2467 624 2519 in
638 2484 768 2531 ventum,
784 2486 815 2521 ac
835 2469 897 2521 talia
914 2470 998 2523 satur:
1060 2449 1063 2454 Ι

311 2564 486 2632 Magnanime
497 2561 596 2624 AEnea,
611 2576 683 2625 non,
695 2562 714 2614 fi
728 2561 794 2615 mihi
805 2563 910 2631 Jupiter
921 2564 1015 2618 ausior

311 2660 462 2727 spondeat,
476 2659 530 2711 hoc
542 2659 643 2727 sperem
656 2659 760 2712 Italiam
771 2659 927 2729 contingere
939 2663 1021 2714 coelo.

309 2754 407 2807 Mutati
419 2752 565 2807 transversa
575 2755 709 2816 fremunt,
723 2758 750 2809 &
761 2757 878 2824 Vespere
890 2757 921 2809 ab
936 2772 995 2808 atto

310 2850 481 2919 Consurgunt
490 2850 584 2912 venti,
596 2864 674 2919 atque
687 2850 716 2902 iu
728 2851 824 2902 nubem
838 2850 945 2921 cogitur
956 2850 1010 2903 aer.
1067 2866 1101 2902 2o

310 2948 369 3000 Nec
385 2961 435 2996 nos
454 2943 540 2996 obniti
559 2927 674 3008 contra,v
685 2960 736 2998 uec
755 2945 862 2998 tendere
882 2944 984 2998 tannim

309 3041 469 3096 Sufficintus.
478 3041 589 3112 Superat
599 3021 727 3112 quoniam
739 3044 872 3106 Fortuna,
885 3043 1027 3114 sequamur
1038 3080 1047 3107 ,

311 3137 429 3207 Quoque
440 3153 538 3204 vocat,
552 3155 686 3193 vertamus
700 3140 762 3194 iter.
773 3141 829 3193 Nec
844 3140 934 3192 littora
946 3136 1029 3210 longi

309 3235 373 3288 Fida
386 3253 447 3288 tcot
456 3234 569 3288 fraterna
582 3239 691 3308 Erycis,
705 3237 849 3307 portusque
862 3237 989 3289 Sicanos:

310 3331 341 3385 Si
356 3330 439 3389 modu
454 3333 506 3389 rite
522 3350 627 3391 memor
642 3336 746 3393 servata
762 3334 889 3391 remetior
906 3332 979 3384 astra.
1065 3346 1080 3382 2
1085 3345 1098 3395 5

876 3429 907 3483 M
926 3426 955 3496 iij
