2859 4325
523 660 770 744 Lrnun
827 661 865 748 L
1002 671 1053 777 63

301 823 423 883 Acrior,
440 816 485 878 aut
498 792 592 878 boreae
604 826 768 896 penetrabile
782 825 867 897 frigus
882 826 982 880 adurat.

344 922 465 974 Multum
478 920 546 975 adeb
554 962 563 987 ,
572 921 659 975 rastris
670 924 761 992 glebas
772 924 819 999 qui
830 923 929 994 frangit
940 924 1059 983 inertes,

304 1019 504 1088 vimineasque
513 1019 595 1072 trahit
603 1033 703 1083 crates,
713 1017 788 1084 juvat
797 1037 860 1072 arva
868 1038 876 1080 ς
885 1037 970 1089 neque
981 1021 1057 1075 illurn
1069 1033 1085 1087 9
1089 1037 1103 1088 5

305 1115 393 1166 Flava
409 1115 490 1167 Ceres
505 1117 563 1167 alto
579 1113 761 1183 nequidquam
777 1114 875 1183 spesiat
890 1116 1033 1186 Olymp03

306 1211 342 1262 Et
358 1210 424 1280 qui,
438 1209 569 1280 proscifl'o
584 1228 642 1279 quae
659 1210 768 1263 suscitat
780 1229 887 1280 equore
902 1227 996 1284 terga,

307 1307 412 1360 Rursus
430 1306 459 1359 in
474 1307 615 1376 obliquum
631 1307 712 1360 verso
728 1294 877 1377 perrumpit
892 1325 997 1375 aratro,

307 1405 848 1475 Exercetquelrequenrtellutem,atque
858 1407 970 1476 impetur
977 1406 1060 1462 arvis.

309 1502 429 1555 Humida
443 1501 554 1555 solstitia
566 1516 646 1572 atque
661 1502 764 1556 hiemes
778 1518 853 1556 orate
869 1504 987 1568 serenat,
1053 1519 1106 1560 100

310 1597 467 1667 Agricolae3
481 1598 596 1651 hiberno
610 1596 738 1651 laetiffima
755 1601 868 1667 pulvere
882 1599 967 1665 surra,

309 1694 400 1748 Laetus
417 1712 479 1765 ager
495 1713 503 1756 ς
517 1698 593 1749 nullo
607 1696 710 1750 tannim
726 1697 753 1751 se
767 1696 856 1766 Mysia
868 1699 941 1750 cultu

310 1791 415 1856 labat,
429 1793 455 1844 δι
470 1792 527 1862 ipsa
539 1793 598 1846 suas
614 1794 746 1847 mirantur
762 1792 879 1864 Gargara
894 1793 997 1848 melles.

349 1891 425 1957 Quid
439 1890 543 1955 dicam,
557 1889 627 1957 iasio
642 1892 690 1961 qui
705 1891 806 1945 semine
823 1891 945 1946 cominbs
959 1908 1024 1945 arva

311 1985 478 2055 insequitur,
490 1989 665 2058 cumulosque
674 1987 810 2042 ruituras&
819 1987 927 2058 pinguis
936 1984 1037 2041 arenae?
1054 2001 1103 2052 105

311 2080 419 2134 Deinde
433 2082 496 2158 saris
510 2082 625 2136 fluvium
633 2084 736 2137 inducit
745 2082 871 2153 rivosque
882 2084 1041 2153 sequentes?

312 2180 361 2240 Et,
374 2181 436 2233 crim
447 2180 554 2234 exustus
569 2200 632 2252 ager
643 2182 820 2236 morientibus
831 2182 919 2236 aestuat
927 2182 1033 2243 herbis,

312 2280 379 2331 Ecce
394 2279 537 2348 supercilio
554 2281 647 2334 clivofi
662 2281 775 2334 tramitis
790 2284 887 2334 undam

312 2376 414 2429 Elicit:
428 2376 475 2429 illa
489 2379 582 2431 cadens
596 2395 704 2431 raucum
721 2393 769 2446 per
782 2377 855 2430 levia
870 2391 988 2427 murmur

311 2473 380 2525 Saxa
399 2472 470 2536 ciet,
489 2473 664 2544 scatebrisque
677 2472 779 2524 arentia
794 2482 925 2536 temperat
939 2483 1011 2519 arva.
1051 2480 1103 2518 110

313 2568 404 2634 Quid,
416 2568 478 2636 qui,
488 2584 522 2621 ne
532 2569 651 2639 gravidis
662 2569 819 2637 procumbat
829 2569 930 2619 culmus
942 2561 1042 2619 aristis,

313 2663 460 2717 Luxuriem
478 2665 597 2735 segetum
615 2665 707 2718 teneti
722 2664 838 2733 depascit
855 2660 999 2722 inberbi,

314 2761 382 2813 Cbnr
394 2761 512 2829 primirnr
524 2764 611 2816 sulcos
622 2779 728 2833 aequant
741 2764 811 2816 sata?
822 2763 928 2829 Quique
941 2755 1044 2827 paludis

316 2858 467 2912 Colleiium
481 2860 623 2911 humorem
638 2860 727 2912 bibuli
744 2859 848 2912 deducit
863 2856 963 2909 areni?

309 2953 462 3014 ¹l’raesertinr
477 2956 586 3009 incertis
602 2958 621 3009 fi
636 2957 766 3008 mensibus
781 2955 866 3007 amnis
882 2953 1014 3005 abundans
1055 2962 1104 3013 115

315 3053 396 3116 Exit,
411 3054 438 3106 δι
452 3053 568 3106 obduclo
584 3053 638 3105 late
657 3067 730 3104 tenet
747 3052 836 3103 omnia
853 3050 935 3103 limo:

315 3151 392 3204 Unde
406 3168 481 3204 cavae
498 3152 591 3219 tepido
607 3152 699 3203 sudant
714 3151 827 3201 humore
839 3151 953 3207 lacunar,

315 3244 372 3299 Nec
381 3261 471 3300 tamen
478 3248 545 3313 (haec
554 3246 614 3298 crim
625 3248 674 3298 srnt
682 3246 875 3312 hominumque
886 3246 1107 3311 boumsplabores
1131 3294 1132 3297 ,

315 3340 561 3396 Versandorerram
573 3343 695 3412 experti)
706 3342 775 3394 nihil
787 3342 922 3409 improbus
933 3340 1021 3400 anser,
