2859 4325
370 745 421 822 16
540 736 911 825 Bucor1cra

323 922 353 976 ¹5
367 902 417 963 Er,
431 901 452 956 sr
471 917 528 956 nou
540 899 629 972 aliqui
643 899 772 956 nocuiffes
781 916 794 968 ,·
805 915 929 958 mortuus
943 898 1021 957 effes.
1039 942 1044 950 .
1075 911 1081 932 ’-

611 1001 643 1051 Μ
655 1015 673 1052 a
685 1015 705 1052 u
719 1015 739 1052 A
751 1015 767 1052 a
778 1014 795 1052 c
807 1013 827 1052 A
839 1014 864 1052 s.

366 1096 439 1162 Quid
455 1094 558 1150 domiui
572 1095 687 1161 faciant,
702 1099 798 1150 audent
813 1096 873 1150 crim
888 1094 952 1150 talia
966 1096 1056 1151 fures!

366 1195 431 1247 Nou
448 1210 499 1264 ego
515 1208 542 1246 te
558 1193 616 1246 vidi
631 1194 781 1257 Damonis,
796 1193 922 1263 pessime,
941 1209 1050 1262 caprum

366 1290 495 1358 Excipere
510 1288 627 1353 infidus,
640 1290 754 1343 multum
771 1292 882 1343 latrante
898 1289 1030 1360 Lycisci?

368 1388 400 1439 Er
417 1385 478 1440 crim
494 1389 634 1440 clamarem
651 1384 738 1453 :Qui
753 1403 826 1459 nuuc·
835 1387 862 1439 se
877 1385 994 1456 proripit
1009 1385 1077 1442 iuer
1092 1412 1101 1437 .-

322 1485 360 1524 20
369 1477 480 1554 Tityre,
495 1500 562 1554 coge
576 1500 657 1554 pecus
672 1501 680 1536 ε
697 1498 727 1535 ru
744 1481 802 1552 post
818 1481 919 1536 caresta
932 1483 1044 1545 latebas.

622 1583 852 1634 DAMoerAa
994 1582 997 1587 '

369 1679 416 1736 An.
427 1677 495 1732 mihi
510 1681 641 1733 cantando
657 1679 746 1733 virius
761 1697 818 1732 non
834 1680 954 1736 redderet
968 1678 1035 1744 ille,
1067 1738 1070 1744 ,

369 1777 459 1844 Quem
474 1794 533 1831 mea
550 1776 710 1830 carminibus
724 1775 860 1830 meruifi'et
873 1775 957 1829 fistula
967 1814 975 1840 ‚
987 1774 1115 1846 caprum?

370 1875 517 1939 Siuescis,
528 1892 603 1928 meus
618 1874 664 1929 ille
678 1891 757 1943 caper
767 1872 837 1926 fuir:
852 1874 878 1926 δι
891 1872 960 1925 mihi
968 1875 1080 1927 Damon

371 1971 429 2041 lpse
446 1972 575 2026 fatebatur
589 1989 598 2033 3
613 1972 658 2025 sed
673 1972 780 2025 reddere
796 1969 870 2040 posse
884 1971 1008 2042 negabat.

623 2070 655 2122 M
665 2083 682 2120 a
693 2056 745 2121 ra'A
756 2083 772 2122 u
782 2082 799 2120 c
809 2081 830 2119 A
840 2082 866 2120 s.

329 2186 361 2239 ²5
375 2167 513 2220 Cantando
530 2180 560 2219 ru
574 2166 651 2220 illum
667 2165 679 2217 ἒ
694 2180 740 2219 aur
753 2183 881 2237 umquam
895 2165 944 2221 tibi
956 2165 1041 2221 fistula
1053 2168 1111 2223 ceri

372 2264 467 2321 Junsta
482 2264 533 2317 fuir
545 2266 557 2317 ?
569 2265 632 2316 Non
646 2278 677 2316 tu
691 2262 721 2315 in
738 2263 845 2324 triviis,
859 2262 983 2326 inducie,
999 2265 1103 2320 solebas

373 2362 501 2417 stridenti
518 2361 643 2415 miserum
656 2360 750 2430 stipula
764 2362 912 2431 disperdere
928 2365 1057 2417 carmen?
1120 2392 1123 2395 ⁴

627 2460 861 2512 Damaras

374 2558 427 2615 Vis
437 2575 502 2631 ergo
511 2596 521 2623 ,
530 2557 599 2611 inter
609 2574 660 2611 nos
673 2595 681 2621 ‚
692 2556 757 2628 quid
766 2555 844 2626 poffir
854 2570 980 2625 uterque,
991 2554 1107 2609 viciffin'r
1120 2548 1123 2555 ’

375 2656 569 2727 Experiamur?
580 2658 638 2726 Ego
646 2658 712 2707 hanc
722 2654 835 2707 vitulam
847 2653 898 2719 (ne
911 2652 983 2708 fort'e
999 2655 1122 2718 recuses,

331 2764 368 2819 30
377 2754 423 2807 Bis
433 2752 511 2806 veuit
521 2755 555 2805 ad
564 2751 716 2812 mulctram,
729 2751 807 2804 birros
821 2751 868 2805 alit
878 2748 960 2804 ubere
968 2751 1058 2818 fetus)

378 2852 497 2918 Depono
512 2867 520 2901 e
537 2860 567 2899 tu
584 2846 764 2909 dic‚¹mecum
783 2864 838 2916 quo
851 2847 965 2918 pignore
980 2864 1075 2902 certes.

633 2943 689 2995 ΜΕ
699 2958 719 2994 u
729 2958 749 2995 A
760 2958 800 2995 cc
812 2959 832 2996 A
843 2959 866 2998 s.

379 3041 424 3095 De
438 3057 517 3112 grege
529 3058 584 3095 non
600 3040 681 3094 ausim
694 3022 837 3110 quidquam
852 3042 988 3110 deponere
1000 3056 1104 3096 recum:
1124 3059 1127 3067 ·

337 3199 339 3202 ¹
382 3136 425 3192 Est
434 3138 501 3190 mihi
516 3155 630 3208 namque
642 3137 716 3191 dorni
728 3152 802 3207 parer
814 3155 823 3198 ·,
834 3136 870 3190 est
886 3136 980 3203 injusta
992 3156 1126 3199 noverca

290 3292 293 3295 ,
383 3236 480 3304 Bisque
490 3235 533 3297 die
545 3251 684 3288 numerant
694 3236 774 3288 ambo
786 3251 865 3303 pecus
875 3274 884 3299 ,
894 3236 998 3289 alter&
1009 3237 1110 3290 hedos.

338 3345 370 3401 35
384 3334 507 3397 Verum,
522 3331 550 3385 id
564 3333 636 3401 quod
649 3329 736 3386 multi>
748 3346 805 3407 rute
818 3330 874 3400 ipse
888 3332 1002 3385 fatebere
1014 3331 1099 3399 majus
1109 3335 1136 3398 ‚‘

388 3428 525 3497 (insanire
537 3428 604 3483 libet
619 3429 747 3501 quoniam
761 3428 832 3497 ribi)
845 3430 941 3498 pocula
957 3446 1061 3499 porram
