<?xml version="1.0" encoding="UTF-8"?>
<!DOCTYPE html PUBLIC "-//W3C//DTD XHTML 1.0 Transitional//EN"
    "http://www.w3.org/TR/xhtml1/DTD/xhtml1-transitional.dtd">
<html xmlns="http://www.w3.org/1999/xhtml" xml:lang="en" lang="en">
 <head>
  <title>
</title>
<meta http-equiv="Content-Type" content="text/html;charset=utf-8" />
  <meta name='ocr-system' content='tesseract 3.04.00' />
  <meta name='ocr-capabilities' content='ocr_page ocr_carea ocr_par ocr_line ocrx_word'/>
</head>
<body>
  <div class='ocr_page' id='page_1' title='image "./publiivirgiliim00cappgoog/publiivirgiliim00cappgoog_0451.png"; bbox 0 0 2859 4325; ppageno 0'>
   <div class='ocr_carea' id='block_1_1' title="bbox 536 646 1050 736">
    <p class='ocr_par' dir='ltr' id='par_1_1' title="bbox 536 646 1050 736">
     <span class='ocr_line' id='line_1_1' title="bbox 536 646 1050 736; baseline 0.004 -30"><span class='ocrx_word' id='word_1_1' title='bbox 536 661 585 707; x_wconf 83' lang='lat' dir='ltr'>tn</span> <span class='ocrx_word' id='word_1_2' title='bbox 609 646 853 708; x_wconf 72' lang='lat' dir='ltr'>Gnoncren.</span> <span class='ocrx_word' id='word_1_3' title='bbox 994 665 1050 736; x_wconf 76' lang='lat'>355</span> 
     </span>
    </p>
   </div>
   <div class='ocr_carea' id='block_1_2' title="bbox 275 749 848 815">
    <p class='ocr_par' dir='ltr' id='par_1_2' title="bbox 275 749 848 815">
     <span class='ocr_line' id='line_1_2' title="bbox 275 749 848 815; baseline -0.002 0"><span class='ocrx_word' id='word_1_4' title='bbox 275 749 306 815; x_wconf 57' lang='lat' dir='ltr'>fl</span> <span class='ocrx_word' id='word_1_5' title='bbox 363 755 413 764; x_wconf 52' lang='lat'>&#39;⁴</span> <span class='ocrx_word' id='word_1_6' title='bbox 590 763 688 812; x_wconf 52' lang='grc' dir='ltr'>ιιι</span> <span class='ocrx_word' id='word_1_7' title='bbox 722 765 788 814; x_wconf 64' lang='grc' dir='ltr'>[κ</span> <span class='ocrx_word' id='word_1_8' title='bbox 845 759 848 764; x_wconf 82' lang='grc'><em>“</em></span> 
     </span>
    </p>
   </div>
   <div class='ocr_carea' id='block_1_3' title="bbox 275 846 1052 2087">
    <p class='ocr_par' dir='ltr' id='par_1_3' title="bbox 275 846 1052 1236">
     <span class='ocr_line' id='line_1_3' title="bbox 276 846 1052 934; baseline -0.001 -23"><span class='ocrx_word' id='word_1_9' title='bbox 276 846 303 919; x_wconf 57' lang='lat'>³¹,</span> <span class='ocrx_word' id='word_1_10' title='bbox 364 880 405 927; x_wconf 81' lang='lat'>43.</span> <span class='ocrx_word' id='word_1_11' title='bbox 424 860 471 912; x_wconf 82' lang='lat' dir='ltr'>Sub</span> <span class='ocrx_word' id='word_1_12' title='bbox 485 865 543 912; x_wconf 79' lang='lat' dir='ltr'>eertd</span> <span class='ocrx_word' id='word_1_13' title='bbox 552 862 634 925; x_wconf 68' lang='lat' dir='ltr'>fodere</span> <span class='ocrx_word' id='word_1_14' title='bbox 644 864 726 912; x_wconf 86' lang='lat' dir='ltr'>larem.</span> <span class='ocrx_word' id='word_1_15' title='bbox 741 863 793 912; x_wconf 82' lang='lat' dir='ltr'>Jam</span> <span class='ocrx_word' id='word_1_16' title='bbox 804 861 908 915; x_wconf 83' lang='lat' dir='ltr'>vidimus</span> <span class='ocrx_word' id='word_1_17' title='bbox 921 864 974 914; x_wconf 85' lang='lat' dir='ltr'>Lib.</span> <span class='ocrx_word' id='word_1_18' title='bbox 984 864 1052 934; x_wconf 67' lang='lat' dir='ltr'>‘pra-</span> 
     </span>
     <span class='ocr_line' id='line_1_4' title="bbox 275 922 1051 1013; baseline 0.004 -21"><span class='ocrx_word' id='word_1_19' title='bbox 275 922 300 1013; x_wconf 52' lang='grc' dir='ltr'><strong><em>ξ</em></strong></span> <span class='ocrx_word' id='word_1_20' title='bbox 328 940 383 992; x_wconf 82' lang='lat' dir='ltr'>ced.</span> <span class='ocrx_word' id='word_1_21' title='bbox 406 959 462 1004; x_wconf 85' lang='lat'>420.</span> <span class='ocrx_word' id='word_1_22' title='bbox 483 941 549 1004; x_wconf 84' lang='lat' dir='ltr'>fodit</span> <span class='ocrx_word' id='word_1_23' title='bbox 567 943 669 991; x_wconf 85' lang='lat' dir='ltr'>humum.</span> <span class='ocrx_word' id='word_1_24' title='bbox 693 941 793 1004; x_wconf 84' lang='lat' dir='ltr'>Porrb,</span> <span class='ocrx_word' id='word_1_25' title='bbox 815 943 881 1005; x_wconf 83' lang='lat' dir='ltr'>hle,</span> <span class='ocrx_word' id='word_1_26' title='bbox 907 943 1008 1010; x_wconf 85' lang='lat' dir='ltr'>legimus</span> <span class='ocrx_word' id='word_1_27' title='bbox 1025 949 1051 996; x_wconf 88' lang='lat' dir='ltr'>in</span> 
     </span>
     <span class='ocr_line' id='line_1_5' title="bbox 276 1017 1051 1088; baseline 0.005 -18"><span class='ocrx_word' id='word_1_28' title='bbox 276 1018 297 1071; x_wconf 83' lang='lat'>.&#39;&#39;</span> <span class='ocrx_word' id='word_1_29' title='bbox 328 1018 385 1070; x_wconf 84' lang='lat' dir='ltr'>cod.</span> <span class='ocrx_word' id='word_1_30' title='bbox 407 1018 499 1070; x_wconf 80' lang='lat' dir='ltr'><strong>Medic.</strong></span> <span class='ocrx_word' id='word_1_31' title='bbox 517 1017 656 1085; x_wconf 81' lang='lat' dir='ltr'>&amp;quidem</span> <span class='ocrx_word' id='word_1_32' title='bbox 675 1035 710 1067; x_wconf 88' lang='lat' dir='ltr'>m.</span> <span class='ocrx_word' id='word_1_33' title='bbox 726 1035 762 1084; x_wconf 88' lang='lat' dir='ltr'>pr.</span> <span class='ocrx_word' id='word_1_34' title='bbox 774 1019 854 1082; x_wconf 68' lang='lat' dir='ltr'>fodite</span> <span class='ocrx_word' id='word_1_35' title='bbox 869 1040 875 1070; x_wconf 82' lang='lat' dir='ltr'>r</span> <span class='ocrx_word' id='word_1_36' title='bbox 891 1019 958 1088; x_wconf 89' lang='lat' dir='ltr'>quod</span> <span class='ocrx_word' id='word_1_37' title='bbox 978 1025 1051 1074; x_wconf 84' lang='lat' dir='ltr'>etiam</span> 
     </span>
     <span class='ocr_line' id='line_1_6' title="bbox 276 1076 1049 1162; baseline -0.001 -13"><span class='ocrx_word' id='word_1_38' title='bbox 276 1076 295 1113; x_wconf 68' lang='grc' dir='ltr'>Ι</span> <span class='ocrx_word' id='word_1_39' title='bbox 327 1112 424 1150; x_wconf 88' lang='lat' dir='ltr'>tuentur</span> <span class='ocrx_word' id='word_1_40' title='bbox 447 1097 531 1146; x_wconf 75' lang='lat' dir='ltr'>nostrae</span> <span class='ocrx_word' id='word_1_41' title='bbox 554 1092 611 1144; x_wconf 89' lang='lat' dir='ltr'>edd.</span> <span class='ocrx_word' id='word_1_42' title='bbox 633 1095 654 1144; x_wconf 77' lang='lat' dir='ltr'>A</span> <span class='ocrx_word' id='word_1_43' title='bbox 675 1098 700 1144; x_wconf 73' lang='lat' dir='ltr'>bt</span> <span class='ocrx_word' id='word_1_44' title='bbox 722 1095 749 1145; x_wconf 89' lang='grc' dir='ltr'>Β.</span> <span class='ocrx_word' id='word_1_45' title='bbox 773 1096 867 1162; x_wconf 81' lang='lat' dir='ltr'>Legunt</span> <span class='ocrx_word' id='word_1_46' title='bbox 888 1096 929 1149; x_wconf 83' lang='lat' dir='ltr'>alii</span> <span class='ocrx_word' id='word_1_47' title='bbox 947 1099 1049 1162; x_wconf 73' lang='lat' dir='ltr'>fovere,</span> 
     </span>
     <span class='ocr_line' id='line_1_7' title="bbox 276 1156 626 1236; baseline -0.011 -13"><span class='ocrx_word' id='word_1_48' title='bbox 276 1156 293 1189; x_wconf 70' lang='lat'><em>⁸</em></span> <span class='ocrx_word' id='word_1_49' title='bbox 326 1177 407 1224; x_wconf 87' lang='lat' dir='ltr'>minus</span> <span class='ocrx_word' id='word_1_50' title='bbox 420 1170 482 1222; x_wconf 67' lang='lat' dir='ltr'>certb</span> <span class='ocrx_word' id='word_1_51' title='bbox 495 1173 626 1236; x_wconf 75' lang='lat' dir='ltr'>pot‘ticum.</span> 
     </span>
    </p>

    <p class='ocr_par' dir='ltr' id='par_1_4' title="bbox 325 1246 1050 1533">
     <span class='ocr_line' id='line_1_8' title="bbox 361 1246 1050 1321; baseline 0.01 -24"><span class='ocrx_word' id='word_1_52' title='bbox 361 1270 401 1313; x_wconf 83' lang='lat'>95.</span> <span class='ocrx_word' id='word_1_53' title='bbox 424 1252 455 1298; x_wconf 88' lang='lat' dir='ltr'>Ut</span> <span class='ocrx_word' id='word_1_54' title='bbox 465 1248 521 1298; x_wconf 75' lang='lat' dir='ltr'>bine</span> <span class='ocrx_word' id='word_1_55' title='bbox 531 1264 607 1314; x_wconf 82' lang='lat' dir='ltr'>regum</span> <span class='ocrx_word' id='word_1_56' title='bbox 613 1246 691 1310; x_wconf 80' lang='lat' dir='ltr'>saties</span> <span class='ocrx_word' id='word_1_57' title='bbox 702 1282 712 1310; x_wconf 91' lang='lat'>,</span> <span class='ocrx_word' id='word_1_58' title='bbox 724 1247 759 1297; x_wconf 85' lang='lat' dir='ltr'>r&#39;ra</span> <span class='ocrx_word' id='word_1_59' title='bbox 769 1265 862 1316; x_wconf 86' lang='lat' dir='ltr'>corpora</span> <span class='ocrx_word' id='word_1_60' title='bbox 872 1250 956 1317; x_wconf 80' lang='lat' dir='ltr'>plebis.</span> <span class='ocrx_word' id='word_1_61' title='bbox 967 1253 1050 1321; x_wconf 84' lang='lat' dir='ltr'>Vulgb</span> 
     </span>
     <span class='ocr_line' id='line_1_9' title="bbox 325 1321 1048 1394; baseline 0.006 -17"><span class='ocrx_word' id='word_1_62' title='bbox 325 1327 415 1394; x_wconf 86' lang='lat' dir='ltr'>legitur</span> <span class='ocrx_word' id='word_1_63' title='bbox 428 1326 524 1392; x_wconf 77' lang='lat' dir='ltr'>gentis,</span> <span class='ocrx_word' id='word_1_64' title='bbox 540 1321 642 1374; x_wconf 85' lang='lat' dir='ltr'>sednon</span> <span class='ocrx_word' id='word_1_65' title='bbox 657 1325 691 1373; x_wconf 82' lang='lat' dir='ltr'>ita</span> <span class='ocrx_word' id='word_1_66' title='bbox 708 1323 828 1392; x_wconf 76' lang='lat' dir='ltr'>eleganter</span> <span class='ocrx_word' id='word_1_67' title='bbox 842 1326 979 1393; x_wconf 74' lang='lat' dir='ltr'>oppositum</span> <span class='ocrx_word' id='word_1_68' title='bbox 993 1338 1048 1382; x_wconf 88' lang='lat' dir='ltr'>voci</span> 
     </span>
     <span class='ocr_line' id='line_1_10' title="bbox 325 1397 1048 1469; baseline 0.008 -19"><span class='ocrx_word' id='word_1_69' title='bbox 325 1420 412 1469; x_wconf 77' lang='lat' dir='ltr'>regum.</span> <span class='ocrx_word' id='word_1_70' title='bbox 427 1405 458 1451; x_wconf 79' lang='lat' dir='ltr'>At</span> <span class='ocrx_word' id='word_1_71' title='bbox 471 1398 545 1467; x_wconf 85' lang='lat' dir='ltr'>plebis</span> <span class='ocrx_word' id='word_1_72' title='bbox 560 1399 661 1464; x_wconf 84' lang='lat' dir='ltr'>legimus</span> <span class='ocrx_word' id='word_1_73' title='bbox 679 1402 705 1449; x_wconf 88' lang='lat' dir='ltr'>in</span> <span class='ocrx_word' id='word_1_74' title='bbox 726 1397 782 1450; x_wconf 87' lang='lat' dir='ltr'>cod.</span> <span class='ocrx_word' id='word_1_75' title='bbox 799 1399 891 1451; x_wconf 86' lang='lat' dir='ltr'>Medic.</span> <span class='ocrx_word' id='word_1_76' title='bbox 911 1406 936 1452; x_wconf 75' lang='grc' dir='ltr'>δι</span> <span class='ocrx_word' id='word_1_77' title='bbox 953 1418 1048 1457; x_wconf 89' lang='lat' dir='ltr'>tuentur</span> 
     </span>
     <span class='ocr_line' id='line_1_11' title="bbox 325 1477 611 1533; baseline -0.01 0"><span class='ocrx_word' id='word_1_78' title='bbox 325 1481 412 1533; x_wconf 74' lang='lat' dir='ltr'>nostrae</span> <span class='ocrx_word' id='word_1_79' title='bbox 429 1477 484 1530; x_wconf 83' lang='lat' dir='ltr'>edd.</span> <span class='ocrx_word' id='word_1_80' title='bbox 504 1482 525 1529; x_wconf 77' lang='grc' dir='ltr'>Α</span> <span class='ocrx_word' id='word_1_81' title='bbox 542 1483 567 1528; x_wconf 77' lang='lat' dir='ltr'>bt</span> <span class='ocrx_word' id='word_1_82' title='bbox 582 1479 611 1530; x_wconf 83' lang='lat' dir='ltr'>B·</span> 
     </span>
    </p>

    <p class='ocr_par' dir='ltr' id='par_1_5' title="bbox 323 1558 1050 2087">
     <span class='ocr_line' id='line_1_12' title="bbox 363 1558 1048 1627; baseline 0.006 -19"><span class='ocrx_word' id='word_1_83' title='bbox 363 1575 416 1621; x_wconf 79' lang='lat'>¹37·</span> <span class='ocrx_word' id='word_1_84' title='bbox 433 1559 479 1608; x_wconf 86' lang='lat' dir='ltr'>Ille</span> <span class='ocrx_word' id='word_1_85' title='bbox 494 1575 581 1608; x_wconf 85' lang='lat' dir='ltr'>comant</span> <span class='ocrx_word' id='word_1_86' title='bbox 596 1558 737 1622; x_wconf 71' lang='lat' dir='ltr'>mollitiam</span> <span class='ocrx_word' id='word_1_87' title='bbox 750 1558 857 1609; x_wconf 83' lang='lat' dir='ltr'>tondebat</span> <span class='ocrx_word' id='word_1_88' title='bbox 869 1559 994 1627; x_wconf 68' lang='lat' dir='ltr'>hyacinthi.</span> <span class='ocrx_word' id='word_1_89' title='bbox 1010 1563 1048 1612; x_wconf 84' lang='lat' dir='ltr'>Sic</span> 
     </span>
     <span class='ocr_line' id='line_1_13' title="bbox 325 1636 1050 1701; baseline 0.003 -14"><span class='ocrx_word' id='word_1_90' title='bbox 325 1640 361 1687; x_wconf 84' lang='lat' dir='ltr'>ita</span> <span class='ocrx_word' id='word_1_91' title='bbox 382 1636 515 1685; x_wconf 78' lang='lat' dir='ltr'>constanter</span> <span class='ocrx_word' id='word_1_92' title='bbox 538 1636 625 1701; x_wconf 86' lang='lat' dir='ltr'>legitur</span> <span class='ocrx_word' id='word_1_93' title='bbox 642 1638 668 1685; x_wconf 89' lang='lat' dir='ltr'>in</span> <span class='ocrx_word' id='word_1_94' title='bbox 690 1636 756 1685; x_wconf 85' lang='lat' dir='ltr'>libris</span> <span class='ocrx_word' id='word_1_95' title='bbox 778 1636 914 1695; x_wconf 91' lang='lat' dir='ltr'>omnibus,</span> <span class='ocrx_word' id='word_1_96' title='bbox 939 1638 1050 1690; x_wconf 82' lang='lat' dir='ltr'>observat</span> 
     </span>
     <span class='ocr_line' id='line_1_14' title="bbox 325 1712 1048 1778; baseline -0.003 -11"><span class='ocrx_word' id='word_1_97' title='bbox 325 1717 360 1767; x_wconf 88' lang='lat' dir='ltr'>D.</span> <span class='ocrx_word' id='word_1_98' title='bbox 376 1716 475 1778; x_wconf 88' lang='lat' dir='ltr'>Heyne‚</span> <span class='ocrx_word' id='word_1_99' title='bbox 487 1731 514 1764; x_wconf 89' lang='lat' dir='ltr'>ut</span> <span class='ocrx_word' id='word_1_100' title='bbox 526 1712 555 1764; x_wconf 80' lang='lat' dir='ltr'>fit</span> <span class='ocrx_word' id='word_1_101' title='bbox 566 1730 650 1764; x_wconf 82' lang='lat' dir='ltr'>contra</span> <span class='ocrx_word' id='word_1_102' title='bbox 660 1717 694 1764; x_wconf 90' lang='lat' dir='ltr'>ire</span> <span class='ocrx_word' id='word_1_103' title='bbox 703 1713 774 1765; x_wconf 68' lang='lat' dir='ltr'>valdb</span> <span class='ocrx_word' id='word_1_104' title='bbox 791 1719 951 1765; x_wconf 81' lang='lat' dir='ltr'>temerarium.</span> <span class='ocrx_word' id='word_1_105' title='bbox 964 1715 1048 1766; x_wconf 78' lang='lat' dir='ltr'>Gram-</span> 
     </span>
     <span class='ocr_line' id='line_1_15' title="bbox 324 1790 1048 1854; baseline -0.003 -12"><span class='ocrx_word' id='word_1_106' title='bbox 324 1793 409 1842; x_wconf 78' lang='lat' dir='ltr'>matici</span> <span class='ocrx_word' id='word_1_107' title='bbox 424 1806 523 1848; x_wconf 86' lang='lat' dir='ltr'>tamen,</span> <span class='ocrx_word' id='word_1_108' title='bbox 539 1791 584 1837; x_wconf 89' lang='lat' dir='ltr'>suis</span> <span class='ocrx_word' id='word_1_109' title='bbox 600 1791 622 1838; x_wconf 90' lang='lat' dir='ltr'>se</span> <span class='ocrx_word' id='word_1_110' title='bbox 639 1790 726 1854; x_wconf 86' lang='lat' dir='ltr'>regulis</span> <span class='ocrx_word' id='word_1_111' title='bbox 744 1794 816 1840; x_wconf 88' lang='lat' dir='ltr'>nimis</span> <span class='ocrx_word' id='word_1_112' title='bbox 835 1791 950 1840; x_wconf 79' lang='lat' dir='ltr'>serviliter</span> <span class='ocrx_word' id='word_1_113' title='bbox 965 1805 1048 1840; x_wconf 90' lang='lat' dir='ltr'>tenen·</span> 
     </span>
     <span class='ocr_line' id='line_1_16' title="bbox 326 1859 1047 1931; baseline -0.003 -15"><span class='ocrx_word' id='word_1_114' title='bbox 326 1882 381 1926; x_wconf 91' lang='lat' dir='ltr'>tes,</span> <span class='ocrx_word' id='word_1_115' title='bbox 397 1863 437 1914; x_wconf 82' lang='lat' dir='ltr'>hic</span> <span class='ocrx_word' id='word_1_116' title='bbox 452 1859 556 1930; x_wconf 73' lang='lat' dir='ltr'>peccasse</span> <span class='ocrx_word' id='word_1_117' title='bbox 572 1864 702 1931; x_wconf 77' lang='lat' dir='ltr'>Virgilium</span> <span class='ocrx_word' id='word_1_118' title='bbox 719 1880 803 1915; x_wconf 81' lang='lat' dir='ltr'>contra</span> <span class='ocrx_word' id='word_1_119' title='bbox 817 1864 896 1914; x_wconf 75' lang='lat' dir='ltr'>versus</span> <span class='ocrx_word' id='word_1_120' title='bbox 909 1866 1047 1921; x_wconf 72' lang='lat' dir='ltr'>struliuram</span> 
     </span>
     <span class='ocr_line' id='line_1_17' title="bbox 324 1941 1048 2012; baseline -0.001 -17"><span class='ocrx_word' id='word_1_121' title='bbox 324 1946 450 1999; x_wconf 80' lang='lat' dir='ltr'>arbitrati,</span> <span class='ocrx_word' id='word_1_122' title='bbox 468 1941 625 1993; x_wconf 62' lang='lat' dir='ltr'>emendarunt</span> <span class='ocrx_word' id='word_1_123' title='bbox 639 1943 739 1995; x_wconf 78' lang='lat' dir='ltr'>Aeanthr&#39;</span> <span class='ocrx_word' id='word_1_124' title='bbox 752 1962 796 2011; x_wconf 89' lang='lat' dir='ltr'>pro</span> <span class='ocrx_word' id='word_1_125' title='bbox 810 1945 946 2012; x_wconf 82' lang='lat' dir='ltr'>hyacinthi,·</span> <span class='ocrx_word' id='word_1_126' title='bbox 966 1947 990 1994; x_wconf 87' lang='lat'>&amp;</span> <span class='ocrx_word' id='word_1_127' title='bbox 1000 1979 1009 2001; x_wconf 90' lang='lat'><em>,</em></span> <span class='ocrx_word' id='word_1_128' title='bbox 1021 1960 1048 1994; x_wconf 86' lang='lat' dir='ltr'>ut</span> 
     </span>
     <span class='ocr_line' id='line_1_18' title="bbox 323 2017 1047 2087; baseline -0.006 -13"><span class='ocrx_word' id='word_1_129' title='bbox 323 2021 485 2086; x_wconf 85' lang='lat' dir='ltr'>compleretur</span> <span class='ocrx_word' id='word_1_130' title='bbox 501 2020 598 2075; x_wconf 82' lang='lat' dir='ltr'>versus,</span> <span class='ocrx_word' id='word_1_131' title='bbox 615 2022 696 2070; x_wconf 75' lang='lat' dir='ltr'>inane.</span> <span class='ocrx_word' id='word_1_132' title='bbox 706 2021 911 2087; x_wconf 84' lang='lat' dir='ltr'>complementum</span> <span class='ocrx_word' id='word_1_133' title='bbox 930 2035 984 2071; x_wconf 85' lang='lat' dir='ltr'>tunc</span> <span class='ocrx_word' id='word_1_134' title='bbox 1004 2017 1047 2070; x_wconf 79' lang='lat' dir='ltr'>ad·</span> 
     </span>
    </p>
   </div>
   <div class='ocr_carea' id='block_1_4' title="bbox 324 2097 456 2151">
    <p class='ocr_par' dir='ltr' id='par_1_6' title="bbox 324 2097 456 2151">
     <span class='ocr_line' id='line_1_19' title="bbox 324 2097 456 2151; baseline -0.015 -1"><span class='ocrx_word' id='word_1_135' title='bbox 324 2097 438 2151; x_wconf 85' lang='lat' dir='ltr'>diderunt</span> <span class='ocrx_word' id='word_1_136' title='bbox 450 2118 456 2148; x_wconf 89' lang='lat'><strong>:</strong></span> 
     </span>
    </p>
   </div>
   <div class='ocr_carea' id='block_1_5' title="bbox 315 2180 1056 3319">
    <p class='ocr_par' dir='ltr' id='par_1_7' title="bbox 322 2180 1056 2321">
     <span class='ocr_line' id='line_1_20' title="bbox 387 2180 1056 2243; baseline 0.003 -15"><span class='ocrx_word' id='word_1_137' title='bbox 387 2180 433 2228; x_wconf 87' lang='lat' dir='ltr'>Ille</span> <span class='ocrx_word' id='word_1_138' title='bbox 442 2197 530 2229; x_wconf 83' lang='lat' dir='ltr'>comam</span> <span class='ocrx_word' id='word_1_139' title='bbox 540 2181 619 2230; x_wconf 84' lang='lat' dir='ltr'>mollis</span> <span class='ocrx_word' id='word_1_140' title='bbox 624 2182 678 2243; x_wconf 78' lang='lat' dir='ltr'>jam</span> <span class='ocrx_word' id='word_1_141' title='bbox 687 2197 741 2232; x_wconf 85' lang='lat' dir='ltr'>tunc</span> <span class='ocrx_word' id='word_1_142' title='bbox 751 2181 860 2233; x_wconf 78' lang='lat' dir='ltr'>tondebat</span> <span class='ocrx_word' id='word_1_143' title='bbox 870 2180 978 2231; x_wconf 81' lang='lat' dir='ltr'>acanthi:</span> <span class='ocrx_word' id='word_1_144' title='bbox 1054 2203 1056 2209; x_wconf 95' lang='lat'>·</span> 
     </span>
     <span class='ocr_line' id='line_1_21' title="bbox 322 2255 905 2321; baseline 0.002 -14"><span class='ocrx_word' id='word_1_145' title='bbox 322 2255 426 2315; x_wconf 72' lang='lat' dir='ltr'>verbm,</span> <span class='ocrx_word' id='word_1_146' title='bbox 444 2256 522 2321; x_wconf 70' lang='lat' dir='ltr'>aperte</span> <span class='ocrx_word' id='word_1_147' title='bbox 539 2257 640 2321; x_wconf 87' lang='lat' dir='ltr'>legimus</span> <span class='ocrx_word' id='word_1_148' title='bbox 658 2262 683 2307; x_wconf 92' lang='lat' dir='ltr'>in</span> <span class='ocrx_word' id='word_1_149' title='bbox 698 2258 754 2308; x_wconf 89' lang='lat' dir='ltr'>cod.</span> <span class='ocrx_word' id='word_1_150' title='bbox 767 2259 905 2308; x_wconf 82' lang='lat' dir='ltr'>-Mediceoe</span> 
     </span>
    </p>

    <p class='ocr_par' dir='ltr' id='par_1_8' title="bbox 323 2332 1000 2481">
     <span class='ocr_line' id='line_1_22' title="bbox 389 2332 1000 2400; baseline 0.003 -19"><span class='ocrx_word' id='word_1_151' title='bbox 389 2332 435 2382; x_wconf 83' lang='lat' dir='ltr'>Ille</span> <span class='ocrx_word' id='word_1_152' title='bbox 450 2349 539 2381; x_wconf 84' lang='lat' dir='ltr'>tomam</span> <span class='ocrx_word' id='word_1_153' title='bbox 553 2333 633 2381; x_wconf 83' lang='lat' dir='ltr'>mallis</span> <span class='ocrx_word' id='word_1_154' title='bbox 646 2334 699 2394; x_wconf 81' lang='lat' dir='ltr'>jam</span> <span class='ocrx_word' id='word_1_155' title='bbox 713 2332 820 2382; x_wconf 77' lang='lat' dir='ltr'>tondebat</span> <span class='ocrx_word' id='word_1_156' title='bbox 835 2333 968 2400; x_wconf 76' lang='lat' dir='ltr'>hyacinthi,</span> <span class='ocrx_word' id='word_1_157' title='bbox 997 2375 1000 2383; x_wconf 91' lang='lat'>.</span> 
     </span>
     <span class='ocr_line' id='line_1_23' title="bbox 323 2406 964 2481; baseline -0.003 -19"><span class='ocrx_word' id='word_1_158' title='bbox 323 2410 391 2481; x_wconf 84' lang='lat' dir='ltr'>quod</span> <span class='ocrx_word' id='word_1_159' title='bbox 404 2414 544 2477; x_wconf 85' lang='lat' dir='ltr'>recepimus.</span> <span class='ocrx_word' id='word_1_160' title='bbox 561 2410 639 2459; x_wconf 83' lang='lat' dir='ltr'>Habet</span> <span class='ocrx_word' id='word_1_161' title='bbox 653 2413 726 2460; x_wconf 84' lang='lat' dir='ltr'>etiam</span> <span class='ocrx_word' id='word_1_162' title='bbox 740 2407 795 2459; x_wconf 89' lang='lat' dir='ltr'>cod.</span> <span class='ocrx_word' id='word_1_163' title='bbox 813 2411 871 2475; x_wconf 86' lang='lat' dir='ltr'>Reg.</span> <span class='ocrx_word' id='word_1_164' title='bbox 889 2406 930 2460; x_wconf 61' lang='grc' dir='ltr'>Χῖ.</span> <span class='ocrx_word' id='word_1_165' title='bbox 945 2428 964 2460; x_wconf 83' lang='lat' dir='ltr'>s.</span> 
     </span>
    </p>

    <p class='ocr_par' dir='ltr' id='par_1_9' title="bbox 322 2486 1045 2706">
     <span class='ocr_line' id='line_1_24' title="bbox 387 2486 1004 2554; baseline 0.002 -16"><span class='ocrx_word' id='word_1_166' title='bbox 387 2490 434 2538; x_wconf 89' lang='lat' dir='ltr'>Ille</span> <span class='ocrx_word' id='word_1_167' title='bbox 443 2505 531 2539; x_wconf 84' lang='lat' dir='ltr'>comam</span> <span class='ocrx_word' id='word_1_168' title='bbox 545 2487 625 2536; x_wconf 85' lang='lat' dir='ltr'>mollis</span> <span class='ocrx_word' id='word_1_169' title='bbox 631 2488 683 2547; x_wconf 79' lang='lat' dir='ltr'>jam</span> <span class='ocrx_word' id='word_1_170' title='bbox 690 2488 744 2547; x_wconf 78' lang='lat' dir='ltr'>jam</span> <span class='ocrx_word' id='word_1_171' title='bbox 754 2486 860 2535; x_wconf 76' lang='lat' dir='ltr'>tondebat</span> <span class='ocrx_word' id='word_1_172' title='bbox 871 2487 1004 2554; x_wconf 78' lang='lat' dir='ltr'>hyacinthi,</span> 
     </span>
     <span class='ocr_line' id='line_1_25' title="bbox 323 2558 1045 2625; baseline 0 -10"><span class='ocrx_word' id='word_1_173' title='bbox 323 2567 363 2615; x_wconf 91' lang='lat' dir='ltr'>ubi</span> <span class='ocrx_word' id='word_1_174' title='bbox 373 2565 426 2625; x_wconf 77' lang='lat' dir='ltr'>jam</span> <span class='ocrx_word' id='word_1_175' title='bbox 444 2560 528 2613; x_wconf 70' lang='lat' dir='ltr'>vitiose</span> <span class='ocrx_word' id='word_1_176' title='bbox 545 2563 643 2610; x_wconf 84' lang='lat' dir='ltr'>iteratur</span> <span class='ocrx_word' id='word_1_177' title='bbox 659 2580 665 2608; x_wconf 76' lang='grc' dir='ltr'><strong><em>ι</em></strong></span> <span class='ocrx_word' id='word_1_178' title='bbox 683 2558 725 2611; x_wconf 90' lang='lat' dir='ltr'>sed</span> <span class='ocrx_word' id='word_1_179' title='bbox 741 2560 821 2611; x_wconf 86' lang='lat' dir='ltr'>forma</span> <span class='ocrx_word' id='word_1_180' title='bbox 836 2561 868 2609; x_wconf 86' lang='lat' dir='ltr'>est</span> <span class='ocrx_word' id='word_1_181' title='bbox 887 2560 979 2613; x_wconf 85' lang='lat' dir='ltr'>eadem.</span> <span class='ocrx_word' id='word_1_182' title='bbox 995 2564 1045 2615; x_wconf 82' lang='lat' dir='ltr'>He·</span> 
     </span>
     <span class='ocr_line' id='line_1_26' title="bbox 322 2636 652 2706; baseline -0.024 -13"><span class='ocrx_word' id='word_1_183' title='bbox 322 2644 362 2692; x_wconf 90' lang='lat' dir='ltr'>bet</span> <span class='ocrx_word' id='word_1_184' title='bbox 377 2643 459 2706; x_wconf 90' lang='lat' dir='ltr'>utique</span> <span class='ocrx_word' id='word_1_185' title='bbox 475 2637 553 2687; x_wconf 83' lang='lat' dir='ltr'>nostra</span> <span class='ocrx_word' id='word_1_186' title='bbox 566 2636 605 2686; x_wconf 85' lang='lat' dir='ltr'>ed.</span> <span class='ocrx_word' id='word_1_187' title='bbox 624 2637 652 2686; x_wconf 90' lang='lat' dir='ltr'>B.</span> 
     </span>
    </p>

    <p class='ocr_par' dir='ltr' id='par_1_10' title="bbox 315 2714 1043 3319">
     <span class='ocr_line' id='line_1_27' title="bbox 385 2714 1019 2787; baseline 0.005 -20"><span class='ocrx_word' id='word_1_188' title='bbox 385 2719 432 2771; x_wconf 88' lang='lat' dir='ltr'>Ille</span> <span class='ocrx_word' id='word_1_189' title='bbox 441 2734 528 2766; x_wconf 84' lang='lat' dir='ltr'>comam</span> <span class='ocrx_word' id='word_1_190' title='bbox 539 2714 695 2775; x_wconf 79' lang='lat' dir='ltr'>mollis‚1&#39;am</span> <span class='ocrx_word' id='word_1_191' title='bbox 706 2730 759 2764; x_wconf 82' lang='lat' dir='ltr'>tunc</span> <span class='ocrx_word' id='word_1_192' title='bbox 770 2715 876 2767; x_wconf 79' lang='lat' dir='ltr'>tondebat</span> <span class='ocrx_word' id='word_1_193' title='bbox 886 2719 1003 2787; x_wconf 66' lang='lat' dir='ltr'>lyaeintht&#39;</span> <span class='ocrx_word' id='word_1_194' title='bbox 1009 2756 1019 2777; x_wconf 87' lang='lat'><em>,</em></span> 
     </span>
     <span class='ocr_line' id='line_1_28' title="bbox 321 2787 1043 2862; baseline -0.004 -15"><span class='ocrx_word' id='word_1_195' title='bbox 321 2798 363 2847; x_wconf 93' lang='lat' dir='ltr'>ubi</span> <span class='ocrx_word' id='word_1_196' title='bbox 377 2794 474 2862; x_wconf 90' lang='lat' dir='ltr'>quidem</span> <span class='ocrx_word' id='word_1_197' title='bbox 490 2808 542 2841; x_wconf 83' lang='lat' dir='ltr'>tunc</span> <span class='ocrx_word' id='word_1_198' title='bbox 555 2787 692 2850; x_wconf 87' lang='lat' dir='ltr'>redundat,</span> <span class='ocrx_word' id='word_1_199' title='bbox 707 2806 757 2855; x_wconf 95' lang='lat' dir='ltr'>quo</span> <span class='ocrx_word' id='word_1_200' title='bbox 770 2788 873 2852; x_wconf 88' lang='lat' dir='ltr'>demto,</span> <span class='ocrx_word' id='word_1_201' title='bbox 890 2792 969 2843; x_wconf 84' lang='lat' dir='ltr'>forma</span> <span class='ocrx_word' id='word_1_202' title='bbox 983 2796 1043 2845; x_wconf 85' lang='lat' dir='ltr'>sem·</span> 
     </span>
     <span class='ocr_line' id='line_1_29' title="bbox 321 2866 1040 2940; baseline -0.003 -17"><span class='ocrx_word' id='word_1_203' title='bbox 321 2891 363 2940; x_wconf 91' lang='lat' dir='ltr'>per</span> <span class='ocrx_word' id='word_1_204' title='bbox 380 2873 412 2921; x_wconf 87' lang='lat' dir='ltr'>est</span> <span class='ocrx_word' id='word_1_205' title='bbox 427 2868 521 2919; x_wconf 80' lang='lat' dir='ltr'>eadem.</span> <span class='ocrx_word' id='word_1_206' title='bbox 538 2866 634 2917; x_wconf 86' lang='lat' dir='ltr'>Nullibi</span> <span class='ocrx_word' id='word_1_207' title='bbox 651 2866 738 2930; x_wconf 88' lang='lat' dir='ltr'>legitur</span> <span class='ocrx_word' id='word_1_208' title='bbox 756 2867 855 2915; x_wconf 83' lang='lat' dir='ltr'>acanthi.</span> <span class='ocrx_word' id='word_1_209' title='bbox 874 2869 904 2918; x_wconf 86' lang='lat' dir='ltr'>Et</span> <span class='ocrx_word' id='word_1_210' title='bbox 921 2869 1040 2935; x_wconf 85' lang='lat' dir='ltr'>quidem,</span> 
     </span>
     <span class='ocr_line' id='line_1_30' title="bbox 321 2942 1041 3013; baseline -0.006 -12"><span class='ocrx_word' id='word_1_211' title='bbox 321 2946 519 3002; x_wconf 76' lang='lat' dir='ltr'>observandum,</span> <span class='ocrx_word' id='word_1_212' title='bbox 538 2961 593 2993; x_wconf 90' lang='lat' dir='ltr'>cum</span> <span class='ocrx_word' id='word_1_213' title='bbox 610 2942 644 2991; x_wconf 88' lang='lat' dir='ltr'>D.</span> <span class='ocrx_word' id='word_1_214' title='bbox 662 2942 766 3004; x_wconf 68' lang='lat' dir='ltr'>heyne,</span> <span class='ocrx_word' id='word_1_215' title='bbox 783 2945 923 3001; x_wconf 82' lang='lat' dir='ltr'>acanthum,</span> <span class='ocrx_word' id='word_1_216' title='bbox 946 2951 987 3013; x_wconf 88' lang='lat' dir='ltr'>qui</span> <span class='ocrx_word' id='word_1_217' title='bbox 1004 2946 1041 2997; x_wconf 90' lang='lat' dir='ltr'>lo·</span> 
     </span>
     <span class='ocr_line' id='line_1_31' title="bbox 321 3016 1043 3090; baseline -0.01 -12"><span class='ocrx_word' id='word_1_218' title='bbox 321 3026 487 3081; x_wconf 86' lang='lat' dir='ltr'>cumobtinet</span> <span class='ocrx_word' id='word_1_219' title='bbox 501 3026 561 3072; x_wconf 88' lang='lat' dir='ltr'>inter</span> <span class='ocrx_word' id='word_1_220' title='bbox 579 3022 671 3085; x_wconf 85' lang='lat' dir='ltr'>semper</span> <span class='ocrx_word' id='word_1_221' title='bbox 688 3016 826 3069; x_wconf 83' lang='lat' dir='ltr'>frondentes</span> <span class='ocrx_word' id='word_1_222' title='bbox 840 3020 850 3087; x_wconf 94' lang='lat'>(</span> <span class='ocrx_word' id='word_1_223' title='bbox 863 3019 943 3071; x_wconf 85' lang='lat' dir='ltr'>baccar</span> <span class='ocrx_word' id='word_1_224' title='bbox 952 3023 1043 3090; x_wconf 79' lang='lat' dir='ltr'>semper</span> 
     </span>
     <span class='ocr_line' id='line_1_32' title="bbox 315 3094 1040 3171; baseline -0.004 -18"><span class='ocrx_word' id='word_1_225' title='bbox 315 3101 446 3171; x_wconf 78' lang='lat' dir='ltr'>frondentis</span> <span class='ocrx_word' id='word_1_226' title='bbox 468 3097 581 3156; x_wconf 77' lang='lat' dir='ltr'>acanthi,</span> <span class='ocrx_word' id='word_1_227' title='bbox 604 3095 693 3160; x_wconf 86' lang='lat' dir='ltr'>Georg.</span> <span class='ocrx_word' id='word_1_228' title='bbox 713 3094 745 3143; x_wconf 83' lang='lat' dir='ltr'>ll.</span> <span class='ocrx_word' id='word_1_229' title='bbox 769 3095 842 3163; x_wconf 86' lang='lat'>¹¹9·)</span> <span class='ocrx_word' id='word_1_230' title='bbox 868 3096 973 3148; x_wconf 87' lang='lat' dir='ltr'>alienum</span> <span class='ocrx_word' id='word_1_231' title='bbox 994 3097 1040 3151; x_wconf 81' lang='lat' dir='ltr'>effe</span> 
     </span>
     <span class='ocr_line' id='line_1_33' title="bbox 319 3168 1041 3241; baseline -0.007 -10"><span class='ocrx_word' id='word_1_232' title='bbox 319 3184 349 3231; x_wconf 83' lang='lat' dir='ltr'>ab</span> <span class='ocrx_word' id='word_1_233' title='bbox 366 3182 411 3229; x_wconf 87' lang='lat' dir='ltr'>hoc</span> <span class='ocrx_word' id='word_1_234' title='bbox 427 3176 499 3235; x_wconf 87' lang='lat' dir='ltr'>loco,</span> <span class='ocrx_word' id='word_1_235' title='bbox 515 3178 539 3223; x_wconf 90' lang='lat' dir='ltr'>in</span> <span class='ocrx_word' id='word_1_236' title='bbox 554 3191 603 3239; x_wconf 88' lang='lat' dir='ltr'>quo</span> <span class='ocrx_word' id='word_1_237' title='bbox 618 3176 695 3237; x_wconf 86' lang='lat' dir='ltr'>agitur</span> <span class='ocrx_word' id='word_1_238' title='bbox 710 3172 738 3220; x_wconf 83' lang='lat' dir='ltr'>de</span> <span class='ocrx_word' id='word_1_239' title='bbox 749 3168 847 3239; x_wconf 77' lang='lat' dir='ltr'>floribus</span> <span class='ocrx_word' id='word_1_240' title='bbox 863 3174 939 3223; x_wconf 79' lang='lat' dir='ltr'>alieno</span> <span class='ocrx_word' id='word_1_241' title='bbox 954 3191 1041 3241; x_wconf 87' lang='lat' dir='ltr'>tempo·</span> 
     </span>
     <span class='ocr_line' id='line_1_34' title="bbox 319 3246 1037 3319; baseline 0.001 -19"><span class='ocrx_word' id='word_1_242' title='bbox 319 3274 342 3307; x_wconf 75' lang='lat' dir='ltr'>ee</span> <span class='ocrx_word' id='word_1_243' title='bbox 364 3248 508 3319; x_wconf 73' lang='lat' dir='ltr'>florentibus.</span> <span class='ocrx_word' id='word_1_244' title='bbox 534 3246 666 3297; x_wconf 81' lang='lat' dir='ltr'>Retinenda</span> <span class='ocrx_word' id='word_1_245' title='bbox 693 3263 753 3311; x_wconf 60' lang='lat' dir='ltr'>ergo⁴</span> <span class='ocrx_word' id='word_1_246' title='bbox 779 3246 849 3296; x_wconf 76' lang='lat' dir='ltr'>lollio</span> <span class='ocrx_word' id='word_1_247' title='bbox 878 3264 958 3313; x_wconf 82' lang='lat' dir='ltr'>aperta</span> <span class='ocrx_word' id='word_1_248' title='bbox 981 3249 1037 3302; x_wconf 85' lang='lat' dir='ltr'>cod.</span> 
     </span>
    </p>
   </div>
   <div class='ocr_carea' id='block_1_6' title="bbox 319 3324 1038 3395">
    <p class='ocr_par' dir='ltr' id='par_1_11' title="bbox 319 3324 1038 3395">
     <span class='ocr_line' id='line_1_35' title="bbox 319 3324 1038 3395; baseline -0.007 -9"><span class='ocrx_word' id='word_1_249' title='bbox 319 3330 411 3386; x_wconf 84' lang='lat' dir='ltr'>Medic.</span> <span class='ocrx_word' id='word_1_250' title='bbox 426 3330 457 3381; x_wconf 85' lang='lat' dir='ltr'>Et</span> <span class='ocrx_word' id='word_1_251' title='bbox 468 3328 506 3393; x_wconf 83' lang='lat' dir='ltr'>,st</span> <span class='ocrx_word' id='word_1_252' title='bbox 521 3326 598 3379; x_wconf 81' lang='lat' dir='ltr'>adhuc</span> <span class='ocrx_word' id='word_1_253' title='bbox 613 3324 717 3379; x_wconf 87' lang='lat' dir='ltr'>offendit</span> <span class='ocrx_word' id='word_1_254' title='bbox 730 3341 821 3378; x_wconf 83' lang='lat' dir='ltr'>mutata</span> <span class='ocrx_word' id='word_1_255' title='bbox 836 3330 954 3395; x_wconf 79' lang='lat' dir='ltr'>quantitas</span> <span class='ocrx_word' id='word_1_256' title='bbox 970 3334 1038 3381; x_wconf 78' lang='lat' dir='ltr'>umtu</span> 
     </span>
    </p>
   </div>
   <div class='ocr_carea' id='block_1_7' title="bbox 0 0 1434 4325">
    <p class='ocr_par' dir='ltr' id='par_1_12' title="bbox 0 0 1434 4325">
     <span class='ocr_line' id='line_1_36' title="bbox 0 0 1434 4325; baseline 0 4"><span class='ocrx_word' id='word_1_257' title='bbox 0 0 1434 4325; x_wconf 95' lang='lat' dir='ltr'> </span> 
     </span>
    </p>
   </div>
  </div>
 </body>
</html>
